@article{Akerlof1997social,
   author = {Akerlof, G. A.},
   title = {Social distance and social decisions},
   journal = {Econometrica},
   volume = {65},
   number = {5},
   pages = {1005-1027},
   ISSN = {0012-9682},
   year = {1997},
   type = {Journal Article}
}


@article{millera2011,
  title={Collaborative mobility: using geographic information science to cultivate cooperative transportation systems},
  author={Millera, Harvey J},
  journal={Procedia-Social and Behavioral Sciences},
  volume={21},
  pages={24--28},
  year={2011},
  publisher={Elsevier}
}
@article{lavery2013,
  title={Driving out of choices: An investigation of transport modality in a university sample},
  author={Lavery, TA and Paez, Antonio and Kanaroglou, Pavlos S},
  journal={Transportation research part A: policy and practice},
  volume={57},
  pages={37--46},
  year={2013},
  publisher={Elsevier}
}

@article{lira2021,
  title={Do drivers dream of walking? An investigation of travel mode dissonance from the perspective of affective values},
  author={Lira, Beatriz Mella and Paez, Antonio},
  journal={Journal of Transport \& Health},
  volume={20},
  pages={101015},
  year={2021},
  publisher={Elsevier}
}

@article{brown2009,
  title={Planning for cars in cities: Planners, engineers, and freeways in the 20th century},
  author={Brown, Jeffrey R and Morris, Eric A and Taylor, Brian D},
  journal={Journal of the American Planning Association},
  volume={75},
  number={2},
  pages={161--177},
  year={2009},
  publisher={Taylor \& Francis}
}

@article{wiersma2020,
  title={Commuting patterns and car dependency in urban regions},
  author={Wiersma, JK and others},
  journal={Journal of Transport Geography},
  volume={84},
  number={C},
  year={2020},
  publisher={Elsevier}
}

@incollection{brezina2020,
  title={Mental barriers in planning for cycling},
  author={Brezina, Tadej and Leth, Ulrich and Lemmerer, Helmut},
  booktitle={The Politics of Cycling Infrastructure},
  pages={73--94},
  year={2020},
  publisher={Policy Press}
}

@incollection{koglin2020,
  title={Spatial dimensions of the marginalisation of cycling--marginalization through rationalisation?},
  author={Koglin, Till},
  booktitle={The Politics of Cycling Infrastructure},
  pages={55--72},
  year={2020},
  publisher={Policy Press}
}

@incollection{ruffino2021,
  title={Appraisal of cycling and pedestrian projects},
  author={Ruffino, Paolo and Jarre, Matteo},
  booktitle={Advances in Transport Policy and Planning},
  volume={7},
  pages={165--203},
  year={2021},
  publisher={Elsevier}
}

@article{handy1997measuring,
  title={Measuring accessibility: an exploration of issues and alternatives},
  author={Handy, Susan L and Niemeier, Debbie A},
  journal={Environment and planning A},
  volume={29},
  number={7},
  pages={1175--1194},
  year={1997},
  publisher={SAGE Publications Sage UK: London, England}
}

@article{taylor2006,
  title={Putting a price on mobility: cars and contradictions in planning},
  author={Taylor, Brian D},
  journal={Journal of the American Planning Association},
  volume={72},
  number={3},
  pages={279--284},
  year={2006},
  publisher={Taylor \& Francis}
}

@article{unit2003,
  title={Making the connections: final report on transportation and social exclusion},
  author={{Social Exclusion Unit}},
  journal={Social Exclusion Unit. Retrieved September},
  volume={20},
  pages={2015},
  year={2003}
}

@article{paez2012,
  title={Measuring accessibility: positive and normative implementations of various accessibility indicators},
  author={Paez, Antonio and Scott, Darren M and Morency, Catherine},
  journal={Journal of Transport Geography},
  volume={25},
  pages={141--153},
  year={2012},
  publisher={Elsevier}
}


@article{boisjoly2017,
  title={How to get there? A critical assessment of accessibility objectives and indicators in metropolitan transportation plans},
  author={Boisjoly, Genevieve and El-Geneidy, Ahmed M},
  journal={Transport Policy},
  volume={55},
  pages={38--50},
  year={2017},
  publisher={Elsevier}
}

@article{proffitt2019,
  title={Accessibility planning in American metropolitan areas: Are we there yet?},
  author={Proffitt, David G and Bartholomew, Keith and Ewing, Reid and Miller, Harvey J},
  journal={Urban Studies},
  volume={56},
  number={1},
  pages={167--192},
  year={2019},
  publisher={SAGE Publications Sage UK: London, England}
}

@article{handy2020,
  title={Is accessibility an idea whose time has finally come?},
  author={Handy, Susan},
  journal={Transportation Research Part D: Transport and Environment},
  volume={83},
  pages={102319},
  year={2020},
  publisher={Elsevier}
}

@article{paez2020,
  title={Comparing distance, time, and metabolic energy cost functions for walking accessibility in infrastructure-poor regions},
  author={Paez, Antonio and Anjum, Zoha and Dickson-Anderson, Sarah E and Schuster-Wallace, Corinne J and Ramos, Belen Martin and Higgins, Christopher D},
  journal={Journal of transport geography},
  volume={82},
  pages={102564},
  year={2020},
  publisher={Elsevier}
}

@article{iseki2014,
  title={A new approach for bikeshed analysis with consideration of topography, street connectivity, and energy consumption},
  author={Iseki, Hiroyuki and Tingstrom, Matthew},
  journal={Computers, environment and urban systems},
  volume={48},
  pages={166--177},
  year={2014},
  publisher={Elsevier}
}


@article{hsu2014,
  title={An energy expenditure approach for estimating walking distance},
  author={Hsu, Chaug-Ing and Tsai, Yau-Ching},
  journal={Environment and Planning B: Planning and Design},
  volume={41},
  number={2},
  pages={289--306},
  year={2014},
  publisher={SAGE Publications Sage UK: London, England}
}

@article{arranz2019,
  title={Measuring relative non-motorized accessibility to retail activities},
  author={Arranz-Lopez, Aldo and Soria-Lara, Julio A and Witlox, Frank and Paez, Antonio},
  journal={International journal of sustainable transportation},
  volume={13},
  number={9},
  pages={639--651},
  year={2019},
  publisher={Taylor \& Francis}
}

@article{li2020,
  title={An approach to imputing destination activities for inclusion in measures of bicycle accessibility},
  author={Li, Aoyong and Huang, Yizhe and Axhausen, Kay W},
  journal={Journal of transport geography},
  volume={82},
  pages={102566},
  year={2020},
  publisher={Elsevier}
}

@article{rosas2020,
  title={Cycling diversity, accessibility, and equality: An analysis of cycling commuting in Bogota},
  author={Rosas-Satizabal, Daniel and Guzman, Luis A and Oviedo, Daniel},
  journal={Transportation research part D: transport and environment},
  volume={88},
  pages={102562},
  year={2020},
  publisher={Elsevier}
}

@article{kwan1998,
  title={Space-time and integral measures of individual accessibility: a comparative analysis using a point-based framework},
  author={Kwan, Mei-Po},
  journal={Geographical analysis},
  volume={30},
  number={3},
  pages={191--216},
  year={1998},
  publisher={Wiley Online Library}
}

@article{ortega2021evaluating,
  title={Evaluating the impact of urban design scenarios on walking accessibility: the case of the Madrid ‘Centro’district.},
  author={Ortega, Emilio and MartiN, BeleN and LOPez-Lambas, MarIA Eugenia and Soria-Lara, Julio A},
  journal={Sustainable Cities and Society},
  volume={74},
  pages={103156},
  year={2021},
  publisher={Elsevier}
}

@article{paez2010,
  title={Relative accessibility deprivation indicators for urban settings: Definitions and application to food deserts in Montreal},
  author={Paez, Antonio and Gertes Mercado, Ruben and Farber, Steven and Morency, Catherine and Roorda, Matthew},
  journal={Urban Studies},
  volume={47},
  number={7},
  pages={1415--1438},
  year={2010},
  publisher={SAGE Publications Sage UK: London, England}
}

@article{geurs2004,
  title={Accessibility evaluation of land-use and transport strategies: review and research directions},
  author={Geurs, Karst T and Van Wee, Bert},
  journal={Journal of Transport geography},
  volume={12},
  number={2},
  pages={127--140},
  year={2004},
  publisher={Elsevier}
}

@article{iacono2010,
  title={Measuring non-motorized accessibility: issues, alternatives, and execution},
  author={Iacono, Michael and Krizek, Kevin J and El-Geneidy, Ahmed},
  journal={Journal of Transport Geography},
  volume={18},
  number={1},
  pages={133--140},
  year={2010},
  publisher={Elsevier}
}

@article{maghelal2011,
  title={Walkability: A Review of Existing Pedestrian Indices.},
  author={Maghelal, Praveen K and Capp, Cara Jean},
  journal={Journal of the Urban \& Regional Information Systems Association},
  volume={23},
  number={2},
  year={2011}
}

@article{talen2013,
  title={The walkable neighborhood: A literature review},
  author={Talen, Emily and Koschinsky, Julia},
  journal={International journal of sustainable land use and urban planning},
  volume={1},
  number={1},
  year={2013}
}


@article{vale2016active,
  title={Active accessibility: A review of operational measures of walking and cycling accessibility},
  author={Vale, David S and Saraiva, Miguel and Pereira, Mauro},
  journal={Journal of transport and land use},
  volume={9},
  number={1},
  pages={209--235},
  year={2016},
  publisher={JSTOR}
}

@article{horner2004exploring,
  title={Exploring metropolitan accessibility and urban structure},
  author={Horner, Mark W},
  journal={Urban Geography},
  volume={25},
  number={3},
  pages={264--284},
  year={2004},
  publisher={Taylor \& Francis}
}

@article{harris2001accessibility,
  title={Accessibility: concepts and applications},
  author={Harris, Britton},
  journal={Journal of Transportation and Statistics},
  volume={4},
  number={2/3},
  pages={15--30},
  year={2001}
}

@phdthesis{vale2009sustainable,
  title={Sustainable Urban Form, Accessibility and Travel: The relationship between polycentric urban development and commuting in Lisbon},
  author={Vale, David de Sousa},
  year={2009},
  school={Newcastle University}
}

@article{apparicio2008comparing,
  title={Comparing alternative approaches to measuring the geographical accessibility of urban health services: Distance types and aggregation-error issues},
  author={Apparicio, Philippe and Abdelmajid, Mohamed and Riva, Mylene and Shearmur, Richard},
  journal={International journal of health geographics},
  volume={7},
  number={1},
  pages={1--14},
  year={2008},
  publisher={BioMed Central}
}

@article{geurs2001accessibility,
  title={Accessibility measures: review and applications. Evaluation of accessibility impacts of land-use transportation scenarios, and related social and economic impact},
  author={Geurs, Karst T and Ritsema van Eck, Jan R},
  journal={RIVM rapport 408505006},
  year={2001},
  publisher={Universiteit Utrecht-URU}
}

@book{halden2000accessibility,
  title={Accessibility: Review of measuring techniques and their application},
  author={Halden, Derek and Mcguigan, David and Nisbet, Andrew and Mckinnon, Alan},
  year={2000},
  publisher={Great Britain, Scottish Executive, Central Research Unit Edinburgh, UK}
}

@book{frank2003health,
  title={Health and community design: The impact of the built environment on physical activity},
  author={Frank, Lawrence and Engelke, Peter and Schmid, Thomas},
  year={2003},
  publisher={Island Press}
}

@article{leslie2007walkability,
  title={Walkability of local communities: using geographic information systems to objectively assess relevant environmental attributes},
  author={Leslie, Eva and Coffee, Neil and Frank, Lawrence and Owen, Neville and Bauman, Adrian and Hugo, Graeme},
  journal={Health \& place},
  volume={13},
  number={1},
  pages={111--122},
  year={2007},
  publisher={Elsevier}
}

@book{levine2010zoned,
  title={Zoned out: Regulation, markets, and choices in transportation and metropolitan land use},
  author={Levine, Jonathan},
  year={2010},
  publisher={RFF Press}
}

@article{devkota2012planning,
  title={Planning for non-motorized travel in rural Nepal: a role for geographic information systems},
  author={Devkota, Bhuwan and Dudycha, Douglas and Andrey, Jean},
  journal={Journal of Transport Geography},
  volume={24},
  pages={282--291},
  year={2012},
  publisher={Elsevier}
}

@article{millward2013active,
  title={Active-transport walking behavior: destinations, durations, distances},
  author={Millward, Hugh and Spinney, Jamie and Scott, Darren},
  journal={Journal of Transport Geography},
  volume={28},
  pages={101--110},
  year={2013},
  publisher={Elsevier}
}

@article{yang2012walking,
  title={Walking distance by trip purpose and population subgroups},
  author={Yang, Yong and Diez-Roux, Ana V},
  journal={American journal of preventive medicine},
  volume={43},
  number={1},
  pages={11--19},
  year={2012},
  publisher={Elsevier}
}

@techreport{ulmer2003evaluating,
  title={Evaluating the Accessibility of Residential Areas for Bicycling and Walking using GIS},
  author={Ulmer, Jared M and Hoel, Lester A},
  year={2003},
  institution={Citeseer}
}

@inproceedings{achuthan2007measuring,
  title={Measuring pedestrian accessibility},
  author={Achuthan, Kamalasudhan and Titheridge, Helena and Mackett, Roger},
  booktitle={Proceedings of the Geographical Information Science Research UK (GISRUK) Conference, National Centre for Geocomputation, National University of Ireland},
  pages={264--269},
  year={2007},
  organization={Citeseer}
}

@article{pucher2010infrastructure,
  title={Infrastructure, programs, and policies to increase bicycling: an international review},
  author={Pucher, John and Dill, Jennifer and Handy, Susan},
  journal={Preventive medicine},
  volume={50},
  pages={S106--S125},
  year={2010},
  publisher={Elsevier}
}

@misc{fishman2016cycling,
  title={Cycling as transport},
  author={Fishman, Elliot},
  journal={Transport Reviews},
  volume={36},
  number={1},
  pages={1--8},
  year={2016},
  publisher={Taylor \& Francis}
}

@article{lowry2012assessment,
  title={Assessment of communitywide bikeability with bicycle level of service},
  author={Lowry, Michael B and Callister, Daniel and Gresham, Maureen and Moore, Brandon},
  journal={Transportation research record},
  volume={2314},
  number={1},
  pages={41--48},
  year={2012},
  publisher={SAGE Publications Sage CA: Los Angeles, CA}
}

@article{prins2014many,
  title={How many walking and cycling trips made by elderly are beyond commonly used buffer sizes: results from a GPS study},
  author={Prins, Richard G and Pierik, Frank and Etman, Astrid and Sterkenburg, Reiner P and Kamphuis, Carlijn BM and Van Lenthe, FJ},
  journal={Health \& place},
  volume={27},
  pages={127--133},
  year={2014},
  publisher={Elsevier}
}

@book{hull2012accessibility,
  title={Accessibility instruments for planning practice},
  author={Hull, Angela and Silva, Cecilia and Bertolini, Luca},
  year={2012},
  publisher={Cost Office Brussels}
}

@phdthesis{lundberg2012accessibility,
  title={Accessibility and university populations: Local effects on non-motorized transportation in the Tuscaloosa-Northport area},
  author={Lundberg, Benjamin},
  year={2012},
  school={University of Alabama Libraries}
}

@article{sadler2011application,
  title={An application of the edge effect in measuring accessibility to multiple food retailer types in Southwestern Ontario, Canada},
  author={Sadler, Richard C and Gilliland, Jason A and Arku, Godwin},
  journal={International journal of health geographics},
  volume={10},
  number={1},
  pages={1--15},
  year={2011},
  publisher={Springer}
}

@article{hunt2007influences,
  title={Influences on bicycle use},
  author={Hunt, John Douglas and Abraham, John E},
  journal={Transportation},
  volume={34},
  number={4},
  pages={453--470},
  year={2007},
  publisher={Springer}
}

@article{el2011place,
  title={Place rank: valuing spatial interactions},
  author={El-Geneidy, Ahmed and Levinson, David},
  journal={Networks and Spatial Economics},
  volume={11},
  number={4},
  pages={643--659},
  year={2011},
  publisher={Springer}
}

@article{saghapour2017measuring,
  title={Measuring cycling accessibility in metropolitan areas},
  author={Saghapour, Tayebeh and Moridpour, Sara and Thompson, Russell G},
  journal={International journal of sustainable transportation},
  volume={11},
  number={5},
  pages={381--394},
  year={2017},
  publisher={Taylor \& Francis}
}

@article{tilahun2007trails,
  title={Trails, lanes, or traffic: Valuing bicycle facilities with an adaptive stated preference survey},
  author={Tilahun, Nebiyou Y and Levinson, David M and Krizek, Kevin J},
  journal={Transportation Research Part A: Policy and Practice},
  volume={41},
  number={4},
  pages={287--301},
  year={2007},
  publisher={Elsevier}
}

@article{harkey1998development,
  title={Development of the bicycle compatibility index},
  author={Harkey, David L and Reinfurt, Donald W and Knuiman, Matthew},
  journal={Transportation research record},
  volume={1636},
  number={1},
  pages={13--20},
  year={1998},
  publisher={SAGE Publications Sage CA: Los Angeles, CA}
}

@techreport{harkey1998Development,
  title={Development of the bicycle compatibility index: A level of service concept, final report},
  author={Harkey, David L and Reinfurt, Donald W and Knuiman, Matthew and Stewart, J Richard and Sorton, Alex and others},
  year={1998},
  institution={United States. Federal Highway Administration}
}

@article{landis1997real,
  title={Real-time human perceptions: toward a bicycle level of service},
  author={Landis, Bruce W and Vattikuti, Venkat R and Brannick, Michael T},
  journal={Transportation Research Record},
  volume={1578},
  number={1},
  pages={119--126},
  year={1997},
  publisher={SAGE Publications Sage CA: Los Angeles, CA}
}

@article{landis2003intersection,
  title={Intersection level of service for the bicycle through movement},
  author={Landis, Bruce W and Vattikuti, Venkat R and Ottenberg, Russell M and Petritsch, Theodore A and Guttenplan, Martin and Crider, Linda B},
  journal={Transportation research record},
  volume={1828},
  number={1},
  pages={101--106},
  year={2003},
  publisher={SAGE Publications Sage CA: Los Angeles, CA}
}

@book{espada2011application,
  title={Application of accessibility measures},
  author={Espada, Ian and Luk, J},
  number={AP-R397/11},
  year={2011}
}

@article{wahlgren2012exploring,
  title={Exploring bikeability in a metropolitan setting: stimulating and hindering factors in commuting route environments},
  author={Wahlgren, Lina and Schantz, Peter},
  journal={BMC public health},
  volume={12},
  number={1},
  pages={1--16},
  year={2012},
  publisher={BioMed Central}
}

@article{rybarczyk2014measuring,
  title={Measuring the potential for bicycling and walking at a metropolitan commuter university},
  author={Rybarczyk, Greg and Gallagher, Laura},
  journal={Journal of Transport Geography},
  volume={39},
  pages={1--10},
  year={2014},
  publisher={Elsevier}
}

@article{milakis2015people,
  title={Do people consider an acceptable travel time? Evidence from Berkeley, CA},
  author={Milakis, Dimitris and Cervero, Robert and Van Wee, Bert and Maat, Kees},
  journal={Journal of Transport Geography},
  volume={44},
  pages={76--86},
  year={2015},
  publisher={Elsevier}
}

@article{hansen1959accessibility,
  title={How accessibility shapes land use--Journal of the American Planning Association 25-2},
  author={Hansen, WG},
  journal={DOI: http://dx. doi. org/10.1080/01944365908978307},
  volume={73},
  year={1959}
}

@article{vale2017influence,
  title={The influence of the impedance function on gravity-based pedestrian accessibility measures: A comparative analysis},
  author={Vale, David S and Pereira, Mauro},
  journal={Environment and Planning B: Urban Analytics and City Science},
  volume={44},
  number={4},
  pages={740--763},
  year={2017},
  publisher={SAGE Publications Sage UK: London, England}
}

@article{hochmair2015assessment,
  title={Assessment of bicycle service areas around transit stations},
  author={Hochmair, Hartwig H},
  journal={International journal of sustainable transportation},
  volume={9},
  number={1},
  pages={15--29},
  year={2015},
  publisher={Taylor \& Francis}
}

@article{pearce2006neighbourhoods,
  title={Neighbourhoods and health: a GIS approach to measuring community resource accessibility},
  author={Pearce, Jamie and Witten, Karen and Bartie, Phil},
  journal={Journal of Epidemiology \& Community Health},
  volume={60},
  number={5},
  pages={389--395},
  year={2006},
  publisher={BMJ Publishing Group Ltd}
}

@article{sisson2006suitability,
  title={Suitability of commuting by bicycle to Arizona elementary schools},
  author={Sisson, Susan B and Lee, Sarah M and Burns, Elizabeth K and Tudor-Locke, Catrine},
  journal={American Journal of Health Promotion},
  volume={20},
  number={3},
  pages={210--213},
  year={2006},
  publisher={SAGE Publications Sage CA: Los Angeles, CA}
}

@article{emery2011wabsa,
  title={The WABSA project: assessing and improving your communitys walkability \& bikeability. 2003},
  author={Emery, J and Crump, C},
  journal={North Carolina Dep. Heal. Behav. Heal. Educ. Sch. Public Heal. Univ. North Carolina Chapel Hill},
  year={2011}
}

@article{horacek2012sneakers,
  title={Sneakers and spokes: An assessment of the walkability and bikeability of US postsecondary institutions},
  author={Horacek, Tanya M and White, Adrienne A and Greene, Geoffrey W and Reznar, Melissa M and Quick, Virginia M and Morrell, Jesse S and Colby, Sarah M and Kattelmann, Kendra K and Herrick, Minette S and Shelnutt, Karla P and others},
  journal={Journal of Environmental Health},
  volume={74},
  number={7},
  pages={8--15},
  year={2012},
  publisher={JSTOR}
}

@article{hoedl2010bikeability,
  title={The bikeability and walkability evaluation table: Reliability and application},
  author={Hoedl, Simon and Titze, Sylvia and Oja, Pekka},
  journal={American journal of preventive medicine},
  volume={39},
  number={5},
  pages={457--459},
  year={2010},
  publisher={Elsevier}
}

@article{zielstra2011comparative,
  title={Comparative study of pedestrian accessibility to transit stations using free and proprietary network data},
  author={Zielstra, Dennis and Hochmair, Hartwig H},
  journal={Transportation Research Record},
  volume={2217},
  number={1},
  pages={145--152},
  year={2011},
  publisher={SAGE Publications Sage CA: Los Angeles, CA}
}

@article{jabbari2021accessibility,
  title={Accessibility and connectivity criteria for assessing walkability: An application in Qazvin, Iran},
  author={Jabbari, Mona and Fonseca, Fernando and Ramos, Rui},
  journal={Sustainability},
  volume={13},
  number={7},
  pages={3648},
  year={2021},
  publisher={MDPI}
}

@incollection{ben2021disaggregate,
  title={Disaggregate travel and mobility-choice models and measures of accessibility},
  author={Ben-Akiva, Moshe and Lerman, Steven R},
  booktitle={Behavioural travel modelling},
  pages={654--679},
  year={2021},
  publisher={Routledge}
}

@book{ben1985discrete,
  title={Discrete choice analysis: theory and application to travel demand},
  author={Ben-Akiva, Moshe E and Lerman, Steven R and Lerman, Steven R and others},
  volume={9},
  year={1985},
  publisher={MIT press}
}

@article{murphy2019implementing,
  title={Implementing low-stress bicycle routing in national accessibility evaluation},
  author={Murphy, Brendan and Owen, Andrew},
  journal={Transportation research record},
  volume={2673},
  number={5},
  pages={240--249},
  year={2019},
  publisher={SAGE Publications Sage CA: Los Angeles, CA}
}

@article{imani2019cycle,
  title={Cycle accessibility and level of traffic stress: A case study of Toronto},
  author={Imani, Ahmadreza Faghih and Miller, Eric J and Saxe, Shoshanna},
  journal={Journal of transport geography},
  volume={80},
  pages={102496},
  year={2019},
  publisher={Elsevier}
}

@article{wu2019measuring,
  title={Measuring the destination accessibility of cycling transfer trips in metro station areas: A big data approach},
  author={Wu, Xueying and Lu, Yi and Lin, Yaoyu and Yang, Yiyang},
  journal={International journal of environmental research and public health},
  volume={16},
  number={15},
  pages={2641},
  year={2019},
  publisher={MDPI}
}

@article{cheng2019investigating,
  title={Investigating walking accessibility to recreational amenities for elderly people in Nanjing, China},
  author={Cheng, Long and Caset, Freke and De Vos, Jonas and Derudder, Ben and Witlox, Frank},
  journal={Transportation research part D: transport and environment},
  volume={76},
  pages={85--99},
  year={2019},
  publisher={Elsevier}
}

@article{reyes2014walking,
  title={Walking accessibility to urban parks by children: A case study of Montreal},
  author={Reyes, Mario and Paez, Antonio and Morency, Catherine},
  journal={Landscape and Urban Planning},
  volume={125},
  pages={38--47},
  year={2014},
  publisher={Elsevier}
}

@article{garcia2013walking,
  title={Walking accessibility to public transport: an analysis based on microdata and GIS},
  author={Garcia-Palomares, Juan Carlos and Gutierrez, Javier and Cardozo, Osvaldo Daniel},
  journal={Environment and Planning B: Planning and Design},
  volume={40},
  number={6},
  pages={1087--1102},
  year={2013},
  publisher={SAGE Publications Sage UK: London, England}
}

@article{papa2018measuring,
  title={Measuring walking accessibility to public transport for the elderly: the case of Naples},
  author={Papa, Enrica and Carpentieri, Gerardo and Guida, Carmen},
  journal={TeMA-Journal of Land Use, Mobility and Environment},
  pages={105--116},
  year={2018}
}

@article{frank2004obesity,
  title={Obesity relationships with community design, physical activity, and time spent in cars},
  author={Frank, Lawrence D and Andresen, Martin A and Schmid, Thomas L},
  journal={American journal of preventive medicine},
  volume={27},
  number={2},
  pages={87--96},
  year={2004},
  publisher={Elsevier}
}

@article{frank2006many,
  title={Many pathways from land use to health: associations between neighborhood walkability and active transportation, body mass index, and air quality},
  author={Frank, Lawrence D and Sallis, James F and Conway, Terry L and Chapman, James E and Saelens, Brian E and Bachman, William},
  journal={Journal of the American planning Association},
  volume={72},
  number={1},
  pages={75--87},
  year={2006},
  publisher={Taylor \& Francis}
}

@inproceedings{blevcic2015walkability,
  title={Walkability explorer: Application to a case-study},
  author={Blevcic, Ivan and Cecchini, Arnaldo and Congiu, Tanja and Fancello, Francesco and Fancello, Giovanna and Trunfio, Giuseppe A},
  booktitle={International Conference on Computational Science and Its Applications},
  pages={758--770},
  year={2015},
  organization={Springer}
}

@article{saelens2008built,
  title={Built environment correlates of walking: a review},
  author={Saelens, Brian E and Handy, Susan L},
  journal={Medicine and science in sports and exercise},
  volume={40},
  number={7 Suppl},
  pages={S550},
  year={2008},
  publisher={NIH Public Access}
}

@article{dovey2020walkability,
  title={What is walkability? The urban DMA},
  author={Dovey, Kim and Pafka, Elek},
  journal={Urban studies},
  volume={57},
  number={1},
  pages={93--108},
  year={2020},
  publisher={SAGE Publications Sage UK: London, England}
}

@article{grasser2013objectively,
  title={Objectively measured walkability and active transport and weight-related outcomes in adults: a systematic review},
  author={Grasser, Gerlinde and Van Dyck, Delfien and Titze, Sylvia and Stronegger, Willibald},
  journal={International journal of public health},
  volume={58},
  number={4},
  pages={615--625},
  year={2013},
  publisher={Springer}
}

@article{weiss2010promoting,
  title={Promoting active urban aging: A measurement approach to neighborhood walkability for older adults},
  author={Weiss, Rachael L and Maantay, Juliana A and Fahs, Marianne},
  journal={Cities and the Environment},
  volume={3},
  number={1},
  pages={12},
  year={2010},
  publisher={NIH Public Access}
}

@article{duncan2011validation,
  title={Validation of Walk Score for estimating neighborhood walkability: an analysis of four US metropolitan areas},
  author={Duncan, Dustin T and Aldstadt, Jared and Whalen, John and Melly, Steven J and Gortmaker, Steven L},
  journal={International journal of environmental research and public health},
  volume={8},
  number={11},
  pages={4160--4179},
  year={2011},
  publisher={Molecular Diversity Preservation International (MDPI)}
}

@article{frank2010development,
  title={The development of a walkability index: application to the Neighborhood Quality of Life Study},
  author={Frank, Lawrence D and Sallis, James F and Saelens, Brian E and Leary, Lauren and Cain, Kelli and Conway, Terry L and Hess, Paul M},
  journal={British journal of sports medicine},
  volume={44},
  number={13},
  pages={924--933},
  year={2010},
  publisher={British Association of Sport and Excercise Medicine}
}

@article{frank2005linking,
  title={Linking objectively measured physical activity with objectively measured urban form: findings from SMARTRAQ},
  author={Frank, Lawrence D and Schmid, Thomas L and Sallis, James F and Chapman, James and Saelens, Brian E},
  journal={American journal of preventive medicine},
  volume={28},
  number={2},
  pages={117--125},
  year={2005},
  publisher={Elsevier}
}

@article{manaugh2011validating,
  title={Validating walkability indices: How do different households respond to the walkability of their neighborhood?},
  author={Manaugh, Kevin and El-Geneidy, Ahmed},
  journal={Transportation research part D: transport and environment},
  volume={16},
  number={4},
  pages={309--315},
  year={2011},
  publisher={Elsevier}
}

@article{krizek2009explaining,
  title={Explaining changes in walking and bicycling behavior: challenges for transportation research},
  author={Krizek, Kevin J and Handy, Susan L and Forsyth, Ann},
  journal={Environment and Planning B: Planning and Design},
  volume={36},
  number={4},
  pages={725--740},
  year={2009},
  publisher={SAGE Publications Sage UK: London, England}
}

@article{nielsen2018bikeability,
  title={Bikeability--Urban structures supporting cycling. Effects of local, urban and regional scale urban form factors on cycling from home and workplace locations in Denmark},
  author={Nielsen, Thomas Alexander Sick and Skov-Petersen, Hans},
  journal={Journal of Transport Geography},
  volume={69},
  pages={36--44},
  year={2018},
  publisher={Elsevier}
}

@article{van2020exploring,
  title={Exploring the distances people walk to access public transport},
  author={van Soest, Dennis and Tight, Miles R and Rogers, Christopher DF},
  journal={Transport reviews},
  volume={40},
  number={2},
  pages={160--182},
  year={2020},
  publisher={Taylor \& Francis}
}

@article{larsen2011travel,
  title={A travel behavior analysis of urban cycling facilities in Montreal, Canada},
  author={Larsen, Jacob and El-Geneidy, Ahmed},
  journal={Transportation research part D: transport and environment},
  volume={16},
  number={2},
  pages={172--177},
  year={2011},
  publisher={Elsevier}
}

@article{rybarczyk2010bicycle,
  title={Bicycle facility planning using GIS and multi-criteria decision analysis},
  author={Rybarczyk, Greg and Wu, Changshan},
  journal={Applied Geography},
  volume={30},
  number={2},
  pages={282--293},
  year={2010},
  publisher={Elsevier}
}

@article{ebener2005physical,
  title={Physical accessibility to health care: from isotropy to anisotropy},
  author={Ebener, Steeve and El Morjani, Zine and Ray, Nicolas and Black, Michael},
  journal={GIS@ development},
  volume={9},
  number={6},
  year={2005}
}

@article{wood2018pedestrian,
  title={Pedestrian evacuation modeling to reduce vehicle use for distant tsunami evacuations in Hawaii},
  author={Wood, Nathan and Jones, Jamie and Peters, Jeff and Richards, Kevin},
  journal={International journal of disaster risk reduction},
  volume={28},
  pages={271--283},
  year={2018},
  publisher={Elsevier}
}

@article{parkin2010design,
  title={Design speeds and acceleration characteristics of bicycle traffic for use in planning, design and appraisal},
  author={Parkin, John and Rotheram, Jonathon},
  journal={Transport Policy},
  volume={17},
  number={5},
  pages={335--341},
  year={2010},
  publisher={Elsevier}
}

@book{tobler1993three,
  title={Three presentations on geographical analysis and modeling},
  author={Tobler, Waldo},
  volume={93},
  year={1993},
  publisher={Citeseer}
}

@article{zacharias2001pedestrian,
  title={Pedestrian behavior pedestrian behavior and perception in urban walking environments},
  author={Zacharias, John},
  journal={Journal of planning literature},
  volume={16},
  number={1},
  pages={3--18},
  year={2001},
  publisher={Sage Publications Sage CA: Thousand Oaks, CA}
}

@article{zahran2008cycling,
  title={Cycling and walking: Explaining the spatial distribution of healthy modes of transportation in the United States},
  author={Zahran, Sammy and Brody, Samuel D and Maghelal, Praveen and Prelog, Andrew and Lacy, Michael},
  journal={Transportation research part D: transport and environment},
  volume={13},
  number={7},
  pages={462--470},
  year={2008},
  publisher={Elsevier}
}

@article{arellana2021walk,
  title={Walk this way: Pedestrian accessibility and equity in Barranquilla and Soledad, Colombia},
  author={Arellana, Julian and Alvarez, Vilma and Oviedo, Daniel and Guzman, Luis A},
  journal={Research in transportation economics},
  volume={86},
  pages={101024},
  year={2021},
  publisher={Elsevier}
}

@article{furth2016network,
  title={Network connectivity for low-stress bicycling},
  author={Furth, Peter G and Mekuria, Maaza C and Nixon, Hilary},
  journal={Transportation research record},
  volume={2587},
  number={1},
  pages={41--49},
  year={2016},
  publisher={SAGE Publications Sage CA: Los Angeles, CA}
}

@article{schoner2014missing,
  title={The missing link: Bicycle infrastructure networks and ridership in 74 US cities},
  author={Schoner, Jessica E and Levinson, David M},
  journal={Transportation},
  volume={41},
  number={6},
  pages={1187--1204},
  year={2014},
  publisher={Springer}
}

@article{vasconcelos2012evaluation,
  title={Evaluation of urban accessibility indicators based on internal and external environmental costs},
  author={Vasconcelos, Ana S and Farias, Tiago L},
  journal={Transportation Research Part D: Transport and Environment},
  volume={17},
  number={6},
  pages={433--441},
  year={2012},
  publisher={Elsevier}
}

@book{train2009discrete,
  title={Discrete choice methods with simulation},
  author={Train, Kenneth E},
  year={2009},
  publisher={Cambridge university press}
}

@book{ben1985discrete,
  title={Discrete choice analysis: theory and application to travel demand},
  author={Ben-Akiva, Moshe E and Lerman, Steven R and Lerman, Steven R and others},
  volume={9},
  year={1985},
  publisher={MIT press}
}

@article{houde2018ride,
  title={A ride for whom: Has cycling network expansion reduced inequities in accessibility in Montreal, Canada?},
  author={Houde, Maxime and Apparicio, Philippe and Seguin, Anne-Marie},
  journal={Journal of transport geography},
  volume={68},
  pages={9--21},
  year={2018},
  publisher={Elsevier}
}

@article{perez2017mind,
  title={Mind the gap: Assessing the impacts of bicycle accessibility and mobility on mode share in Washington, DC},
  author={Perez, Benito O and Buck, Darren and Ma, Yiwei and Robey, Taylor and Lucas, Kimberly},
  journal={Transportation research record},
  volume={2662},
  number={1},
  pages={83--92},
  year={2017},
  publisher={SAGE Publications Sage CA: Los Angeles, CA}
}

@article{mekuria2012low,
  title={Low-stress bicycling and network connectivity},
  author={Mekuria, Maaza C and Furth, Peter G and Nixon, Hilary},
  year={2012},
  publisher={Mineta Transportation Institute}
}

@article{adhikari2021community,
  title={Community design and hypertension: walkability and park access relationships with cardiovascular health},
  author={Adhikari, Binay and Delgado-Ron, Jorge Andres and Van den Bosch, Matilda and Dummer, Trevor and Hong, Andy and Sandhu, Jat and Demlow, Ellen and Hu, Yumian and Frank, Lawrence D},
  journal={International Journal of Hygiene and Environmental Health},
  volume={237},
  pages={113820},
  year={2021},
  publisher={Elsevier}
}

@article{azmi2013comparative,
  title={Comparative study of neighbourhood walkability to community facilities between two precincts in Putrajaya},
  author={Azmi, Diyanah Inani and Karim, Hafazah Abdul and Ahmad, Puziah},
  journal={Procedia-Social and Behavioral Sciences},
  volume={105},
  pages={513--524},
  year={2013},
  publisher={Elsevier}
}

@article{liao2020empirical,
  title={Empirical analysis of walkability using data from the Netherlands},
  author={Liao, Bojing and van den Berg, Pauline EW and van Wesemael, Pieter JV and Arentze, Theo A},
  journal={Transportation research part D: transport and environment},
  volume={85},
  pages={102390},
  year={2020},
  publisher={Elsevier}
}


@article{ruiz2018application,
  title={Application of multi-criteria decision analysis methods for assessing walkability: A case study in Porto Alegre, Brazil},
  author={Ruiz-Padillo, Alejandro and Pasqual, Francisco Minella and Uriarte, Ana Margarita Larranaga and Cybis, Helena Beatriz Bettella},
  journal={Transportation research Part D: transport and environment},
  volume={63},
  pages={855--871},
  year={2018},
  publisher={Elsevier}
}

@article{grasser2017european,
  title={A European perspective on GIS-based walkability and active modes of transport},
  author={Grasser, Gerlinde and Van Dyck, Delfien and Titze, Sylvia and Stronegger, Willibald J},
  journal={The European Journal of Public Health},
  volume={27},
  number={1},
  pages={145--151},
  year={2017},
  publisher={Oxford University Press}
}

@article{winters2013mapping,
  title={Mapping bikeability: a spatial tool to support sustainable travel},
  author={Winters, Meghan and Brauer, Michael and Setton, Eleanor M and Teschke, Kay},
  journal={Environment and Planning B: Planning and Design},
  volume={40},
  number={5},
  pages={865--883},
  year={2013},
  publisher={SAGE Publications Sage UK: London, England}
}

@article{greenberg2005does,
  title={Where does walkability matter the most? An environmental justice interpretation of New Jersey data},
  author={Greenberg, Michael R and Renne, John},
  journal={Journal of urban health},
  volume={82},
  number={1},
  pages={90--100},
  year={2005},
  publisher={Springer}
}

@article{madsen2014developing,
  title={Developing suitable buffers to capture transport cycling behavior},
  author={Madsen, Thomas and Schipperijn, Jasper and Christiansen, Lars Breum and Nielsen, Thomas Sick and Troelsen, Jens},
  journal={Frontiers in Public Health},
  volume={2},
  pages={61},
  year={2014},
  publisher={Frontiers Media SA}
}

@article{mcneil2011bikeability,
  title={Bikeability and the 20-min neighborhood: How infrastructure and destinations influence bicycle accessibility},
  author={McNeil, Nathan},
  journal={Transportation Research Record},
  volume={2247},
  number={1},
  pages={53--63},
  year={2011},
  publisher={SAGE Publications Sage CA: Los Angeles, CA}
}

@article{hsiao1997use,
  title={Use of geographic information system for analysis of transit pedestrian access},
  author={Hsiao, Shirley and Lu, Jian and Sterling, James and Weatherford, Matthew},
  journal={Transportation Research Record},
  volume={1604},
  number={1},
  pages={50--59},
  year={1997},
  publisher={SAGE Publications Sage CA: Los Angeles, CA}
}

@article{gutierrez2008distance,
  title={Distance-measure impacts on the calculation of transport service areas using GIS},
  author={Gutierrez, Javier and Garcia-Palomares, Juan Carlos},
  journal={Environment and Planning B: Planning and Design},
  volume={35},
  number={3},
  pages={480--503},
  year={2008},
  publisher={SAGE Publications Sage UK: London, England}
}

@article{kimpel2007using,
  title={Using GIS to measure the effect of overlapping service areas on passenger boardings at bus stops},
  author={Kimpel, Thomas J and Dueker, Kenneth J and El-Geneidy, Ahmed M},
  year={2007}
}

@article{murray2003accessibility,
  title={Accessibility tradeoffs in public transit planning},
  author={Murray, Alan T and Wu, Xiaolan},
  journal={Journal of Geographical Systems},
  volume={5},
  number={1},
  pages={93--107},
  year={2003},
  publisher={Springer}
}

@article{neilson1972relation,
  title={Relation between transit ridership and walking distances in a low-density Florida retirement area},
  author={Neilson, Gordon K and Fowler, William K},
  journal={Highway Research Record},
  number={403},
  year={1972}
}

@article{o1992analysis,
  title={Analysis of transit service areas using geographic information systems},
  author={ONeill, Wende A and Ramsey, R Douglas and Chou, JaChing},
  journal={Transportation Research Record},
  volume={364},
  pages={131},
  year={1992},
  publisher={NATIONAL ACADEMY OF SCIENCES}
}

@article{zhao2003forecasting,
  title={Forecasting transit walk accessibility: Regression model alternative to buffer method},
  author={Zhao, Fang and Chow, Lee-Fang and Li, Min-Tang and Ubaka, Ike and Gan, Albert},
  journal={Transportation Research Record},
  volume={1835},
  number={1},
  pages={34--41},
  year={2003},
  publisher={SAGE Publications Sage CA: Los Angeles, CA}
}

@article{lam1982bus,
  title={Bus passenger walking distances and waiting times: a summer-winter comparison},
  author={Lam, William and Morrall, John},
  journal={Transportation Quarterly},
  volume={36},
  number={HS-033 385},
  year={1982}
}


@article{lee2010reexamining,
  title={Reexamining the influence of work and nonwork accessibility on residential location choices with a microanalytic framework},
  author={Lee, Brian HY and Waddell, Paul and Wang, Liming and Pendyala, Ram M},
  journal={Environment and Planning A},
  volume={42},
  number={4},
  pages={913--930},
  year={2010},
  publisher={SAGE Publications Sage UK: London, England}
}

@article{neutens2015accessibility,
  title={Accessibility, equity and health care: review and research directions for transport geographers},
  author={Neutens, Tijs},
  journal={Journal of Transport Geography},
  volume={43},
  pages={14--27},
  year={2015},
  publisher={Elsevier}
}

@article{paez2010accessibility,
  title={Accessibility to health care facilities in Montreal Island: an application of relative accessibility indicators from the perspective of senior and non-senior residents},
  author={Paez, Antonio and Mercado, Ruben G and Farber, Steven and Morency, Catherine and Roorda, Matthew},
  journal={International journal of health geographics},
  volume={9},
  number={1},
  pages={1--15},
  year={2010},
  publisher={BioMed Central}
}

@article{vandenbulcke2009mapping,
  title={Mapping accessibility in Belgium: a tool for land-use and transport planning?},
  author={Vandenbulcke, Gregory and Steenberghen, Therese and Thomas, Isabelle},
  journal={Journal of Transport Geography},
  volume={17},
  number={1},
  pages={39--53},
  year={2009},
  publisher={Elsevier}
}

@article{castiglione2006application,
  title={Application of travel demand microsimulation model for equity analysis},
  author={Castiglione, Joe and Hiatt, Rachel and Chang, Tilly and Charlton, Billy},
  journal={Transportation Research Record},
  volume={1977},
  number={1},
  pages={35--42},
  year={2006},
  publisher={SAGE Publications Sage CA: Los Angeles, CA}
}

@article{fan2012impact,
  title={Impact of light-rail implementation on labor market accessibility: A transportation equity perspective},
  author={Fan, Yingling and Guthrie, Andrew and Levinson, David},
  journal={Journal of Transport and Land use},
  volume={5},
  number={3},
  pages={28--39},
  year={2012},
  publisher={JSTOR}
}


@article{o1996walking,
  title={Walking distances to and from light-rail transit stations},
  author={OSullivan, Sean and Morrall, John},
  journal={Transportation Research Record},
  volume={1538},
  number={1},
  pages={19--26},
  year={1996},
  publisher={SAGE Publications Sage CA: Los Angeles, CA}
}

@article{arasan1996trip,
  title={Trip characteristics of travelers without vehicles},
  author={Arasan, V Thamizh and Rengaraju, VR and Rao, KV Krishna},
  journal={Journal of transportation engineering},
  volume={122},
  number={1},
  pages={76--81},
  year={1996},
  publisher={American Society of Civil Engineers}
}

@article{nicholls2001measuring,
  title={Measuring the accessibility and equity of public parks: A case study using GIS},
  author={Nicholls, Sarah},
  journal={Managing leisure},
  volume={6},
  number={4},
  pages={201--219},
  year={2001},
  publisher={Taylor \& Francis}
}

@article{smoyer2004spatial,
  title={Spatial accessibility and equity of playgrounds in Edmonton, Canada},
  author={Smoyer-Tomic, Karen E and Hewko, Jared N and Hodgson, M John},
  journal={Canadian Geographer/Le Geographe canadien},
  volume={48},
  number={3},
  pages={287--302},
  year={2004},
  publisher={Wiley Online Library}
}

@article{van2003monitoring,
  title={A monitoring tool for the provision of accessible and attractive urban green spaces},
  author={Van Herzele, Ann and Wiedemann, Torsten},
  journal={Landscape and urban planning},
  volume={63},
  number={2},
  pages={109--126},
  year={2003},
  publisher={Elsevier}
}

@article{tsou2005accessibility,
  title={An accessibility-based integrated measure of relative spatial equity in urban public facilities},
  author={Tsou, Ko-Wan and Hung, Yu-Ting and Chang, Yao-Lin},
  journal={Cities},
  volume={22},
  number={6},
  pages={424--435},
  year={2005},
  publisher={Elsevier}
}

@article{schlossberg2007far,
  title={How far, by which route, and why? A spatial analysis of pedestrian preference},
  author={Schlossberg, Marc and Agrawal, Asha Weinstein and Irvin, Katja and Bekkouch, Vanessa Louise},
  year={2007},
  publisher={Mineta Transportation Institute}
}

@article{alshalalfah2007relationship,
  title={Relationship of walk access distance to transit with service, travel, and personal characteristics},
  author={Alshalalfah, BW and Shalaby, AS},
  journal={Journal of urban planning and development},
  volume={133},
  number={2},
  pages={114--118},
  year={2007},
  publisher={American Society of Civil Engineers}
}

@article{larsen2008mapping,
  title={Mapping the evolution of food deserts in a Canadian city: Supermarket accessibility in London, Ontario, 1961--2005},
  author={Larsen, Kristian and Gilliland, Jason},
  journal={International journal of health geographics},
  volume={7},
  number={1},
  pages={1--16},
  year={2008},
  publisher={BioMed Central}
}

@article{daniels2013explaining,
  title={Explaining walking distance to public transport: The dominance of public transport supply},
  author={Daniels, Rhonda and Mulley, Corinne},
  journal={Journal of Transport and Land Use},
  volume={6},
  number={2},
  pages={5--20},
  year={2013},
  publisher={JSTOR}
}

@article{arasan1994characteristics,
  title={Characteristics of trips by foot and bicycle modes in Indian city},
  author={Arasan, V Thamizh and Rengaraju, VR and Rao, KV Krishna},
  journal={Journal of Transportation Engineering},
  volume={120},
  number={2},
  pages={283--294},
  year={1994},
  publisher={American Society of Civil Engineers}
}

@article{chen2020does,
  title={Does green transportation promote accessibility for equity in medium-size US cites?},
  author={Chen, Na and Wang, Chih-Hao},
  journal={Transportation Research Part D: Transport and Environment},
  volume={84},
  pages={102365},
  year={2020},
  publisher={Elsevier}
}

@article{mora2021equity,
  title={Equity and accessibility of cycling infrastructure: An analysis of Santiago de Chile},
  author={Mora, Rodrigo and Truffello, Ricardo and Oyarzun, Gabriel},
  journal={Journal of Transport Geography},
  volume={91},
  pages={102964},
  year={2021},
  publisher={Elsevier}
}


@article{pucher2010walking,
  title={Walking and cycling to health: a comparative analysis of city, state, and international data},
  author={Pucher, John and Buehler, Ralph and Bassett, David R and Dannenberg, Andrew L},
  journal={American journal of public health},
  volume={100},
  number={10},
  pages={1986--1992},
  year={2010},
  publisher={American Public Health Association}
}

@article{rojas2011health,
  title={The health risks and benefits of cycling in urban environments compared with car use: health impact assessment study},
  author={Rojas-Rueda, David and De Nazelle, Audrey and Tainio, Marko and Nieuwenhuijsen, Mark J},
  journal={Bmj},
  volume={343},
  year={2011},
  publisher={British Medical Journal Publishing Group}
}

@article{rojas2012replacing,
  title={Replacing car trips by increasing bike and public transport in the greater Barcelona metropolitan area: a health impact assessment study},
  author={Rojas-Rueda, David and de Nazelle, Audrey and Teixido, O and Nieuwenhuijsen, Mark J},
  journal={Environment international},
  volume={49},
  pages={100--109},
  year={2012},
  publisher={Elsevier}
}

@article{otero2018health,
  title={Health impacts of bike sharing systems in Europe},
  author={Otero, I and Nieuwenhuijsen, MJ and Rojas-Rueda, David},
  journal={Environment international},
  volume={115},
  pages={387--394},
  year={2018},
  publisher={Elsevier}
}


@incollection{koszowski2019active,
  title={Active mobility: bringing together transport planning, urban planning, and public health},
  author={Koszowski, Caroline and Gerike, Regine and Hubrich, Stefan and Gotschi, Thomas and Pohle, Maria and Wittwer, Rico},
  booktitle={Towards User-Centric Transport in Europe},
  pages={149--171},
  year={2019},
  publisher={Springer}
}

@article{tinessa2021walkability,
  title={Walkability, accessibility to metro stations and retail location choice: Some evidence from the case study of Naples},
  author={Tinessa, Fiore and Pagliara, Francesca and Biggiero, Luigi and Veneri, Giorgia Delli},
  journal={Research in Transportation Business \& Management},
  volume={40},
  pages={100549},
  year={2021},
  publisher={Elsevier}
}

@article{hakim1998effects,
  title={Effects of walking on mortality among nonsmoking retired men},
  author={Hakim, Amy A and Petrovitch, Helen and Burchfiel, Cecil M and Ross, G Webster and Rodriguez, Beatriz L and White, Lon R and Yano, Katsuhiko and Curb, J David and Abbott, Robert D},
  journal={New England Journal of Medicine},
  volume={338},
  number={2},
  pages={94--99},
  year={1998},
  publisher={Mass Medical Soc}
}

@article{weuve2004physical,
  title={Physical activity, including walking, and cognitive function in older women},
  author={Weuve, Jennifer and Kang, Jae Hee and Manson, JoAnn E and Breteler, Monique MB and Ware, James H and Grodstein, Francine},
  journal={Jama},
  volume={292},
  number={12},
  pages={1454--1461},
  year={2004},
  publisher={American Medical Association}
}

@article{strawbridge1996successful,
  title={Successful aging: predictors and associated activities},
  author={Strawbridge, William J and Cohen, Richard D and Shema, Sarah J and Kaplan, George A},
  journal={American journal of epidemiology},
  volume={144},
  number={2},
  pages={135--141},
  year={1996},
  publisher={Oxford University Press}
}

@article{leveille1999aging,
  title={Aging successfully until death in old age: opportunities for increasing active life expectancy},
  author={Leveille, Suzanne G and Guralnik, Jack M and Ferrucci, Luigi and Langlois, Jean A},
  journal={American Journal of Epidemiology},
  volume={149},
  number={7},
  pages={654--664},
  year={1999},
  publisher={Oxford University Press}
}

@misc{bhopal1995cycling,
  title={Cycling, physical exercise, and the millennium fund},
  author={Bhopal, Raj and Unwin, Nigel},
  journal={BMJ},
  volume={311},
  number={7001},
  pages={344},
  year={1995},
  publisher={British Medical Journal Publishing Group}
}

@article{ng2017cyclist,
  title={Cyclist safety perceptions of cycling infrastructure at un-signalised intersections: Cross-sectional survey of Queensland cyclists},
  author={Ng, Athena and Debnath, Ashim Kumar and Heesch, Kristiann C},
  journal={Journal of Transport \& Health},
  volume={6},
  pages={13--22},
  year={2017},
  publisher={Elsevier}
}

@article{akgun2018cyclist,
  title={Cyclist casualty severity at roundabouts--To what extent do the geometric characteristics of roundabouts play a part?},
  author={Akgun, Nurten and Dissanayake, Dilum and Thorpe, Neil and Bell, Margaret C},
  journal={Journal of safety research},
  volume={67},
  pages={83--91},
  year={2018},
  publisher={Elsevier}
}

@article{pokorny2018conflicts,
  title={Conflicts between bikes and trucks in urban areas—A survey of Norwegian cyclists},
  author={Pokorny, Petr and Pritchard, Ray and Pitera, Kelly},
  journal={Case Studies on Transport Policy},
  volume={6},
  number={1},
  pages={147--155},
  year={2018},
  publisher={Elsevier}
}

@article{oehl2019cyclists,
  title={Cyclists anger experiences in traffic: the cycling anger scale},
  author={Oehl, Michael and Brandenburg, Stefan and Huemer, Anja Katharina},
  journal={Transportation research part F: traffic psychology and behaviour},
  volume={62},
  pages={564--574},
  year={2019},
  publisher={Elsevier}
}

@article{useche2019healthy,
  title={Healthy but risky: A descriptive study on cyclists encouraging and discouraging factors for using bicycles, habits and safety outcomes},
  author={Useche, Sergio A and Montoro, Luis and Sanmartin, Jaime and Alonso, Francisco},
  journal={Transportation research part F: traffic psychology and behaviour},
  volume={62},
  pages={587--598},
  year={2019},
  publisher={Elsevier}
}

@article{kelobonye2019relative,
  title={Relative accessibility analysis for key land uses: A spatial equity perspective},
  author={Kelobonye, Keone and McCarney, Gary and Xia, Jianhong Cecilia and Swapan, Mohammad Shahidul Hasan and Mao, Feng and Zhou, Heng},
  journal={Journal of Transport Geography},
  volume={75},
  pages={82--93},
  year={2019},
  publisher={Elsevier}
}

@article{wang2015gis,
  title={A GIS-based spatial statistical approach to modeling job accessibility by transportation mode: case study of Columbus, Ohio},
  author={Wang, Chih-Hao and Chen, NA},
  journal={Journal of transport geography},
  volume={45},
  pages={1--11},
  year={2015},
  publisher={Elsevier}
}

@article{frank2017international,
  title={International comparison of observation-specific spatial buffers},
  author={Frank, Lawrence D and Fox, Eric H and Ulmer, Jared M and Chapman, James E and Kershaw, Suzanne E and Sallis, James F and Conway, Terry L and Cerin, Ester and Cain, Kelli L and Adams, Marc A and others},
  year={2017}
}


@book{kimball2011data,
  title={The data warehouse toolkit: the complete guide to dimensional modeling},
  author={Kimball, Ralph and Ross, Margy},
  year={2011},
  publisher={John Wiley \& Sons}
}


@article{romero2010framework,
  title={A framework for multidimensional design of data warehouses from ontologies},
  author={Romero, Oscar and Abello, Alberto},
  journal={Data \& Knowledge Engineering},
  volume={69},
  number={11},
  pages={1138--1157},
  year={2010},
  publisher={Elsevier}
}


@inproceedings{zhuge1996strobe,
  title={The strobe algorithms for multi-source warehouse consistency},
  author={Zhuge, Yue and Garcia-Molina, Hector and Wiener, Janet L},
  booktitle={Fourth International Conference on Parallel and Distributed Information Systems},
  pages={146--157},
  year={1996},
  organization={IEEE}
}


@article{gupta1995aggregate,
  title={Aggregate-query processing in data warehousing environments},
  author={Gupta, Ashish and Harinarayan, Venky and Quass, Dallan},
  year={1995}
}

@inproceedings{chaudhuri1994including,
  title={Including group-by in query optimization},
  author={Chaudhuri, Surajit and Shim, Kyuseok},
  booktitle={VLDB},
  volume={94},
  pages={12--15},
  year={1994}
}

@article{lomet1990hb,
  title={The hB-tree: A multiattribute indexing method with good guaranteed performance},
  author={Lomet, David B and Salzberg, Betty},
  journal={ACM Transactions on Database Systems (TODS)},
  volume={15},
  number={4},
  pages={625--658},
  year={1990},
  publisher={ACM New York, NY, USA}
}

@article{chaudhuri1997overview,
  title={An overview of data warehousing and OLAP technology},
  author={Chaudhuri, Surajit and Dayal, Umeshwar},
  journal={ACM Sigmod record},
  volume={26},
  number={1},
  pages={65--74},
  year={1997},
  publisher={ACM New York, NY, USA}
}


@article{colliat1996olap,
  title={OLAP, relational, and multidimensional database systems},
  author={Colliat, George},
  journal={ACM Sigmod Record},
  volume={25},
  number={3},
  pages={64--69},
  year={1996},
  publisher={ACM New York, NY, USA}
}


@article{fayyad1996data,
  title={From data mining to knowledge discovery in databases},
  author={Fayyad, Usama and Piatetsky-Shapiro, Gregory and Smyth, Padhraic},
  journal={AI magazine},
  volume={17},
  number={3},
  pages={37--37},
  year={1996}
}

@article{angotti1996latin,
  title={Latin American urbanization and planning: inequality and unsustainability in North and South},
  author={Angotti, Thomas},
  journal={Latin American Perspectives},
  volume={23},
  number={4},
  pages={12--34},
  year={1996},
  publisher={Sage Publications Sage CA: Thousand Oaks, CA}
}

@article{brown2009planning,
  title={Planning for cars in cities: Planners, engineers, and freeways in the 20th century},
  author={Brown, Jeffrey R and Morris, Eric A and Taylor, Brian D},
  journal={Journal of the American Planning Association},
  volume={75},
  number={2},
  pages={161--177},
  year={2009},
  publisher={Taylor \& Francis}
}

@article{chapman2007transport,
  title={Transport and climate change: a review},
  author={Chapman, Lee},
  journal={Journal of transport geography},
  volume={15},
  number={5},
  pages={354--367},
  year={2007},
  publisher={Elsevier}
}

@article{boschmann2008toward,
  title={Toward socially sustainable urban transportation: Progress and potentials},
  author={Boschmann, E Eric and Kwan, Mei-Po},
  journal={International journal of sustainable transportation},
  volume={2},
  number={3},
  pages={138--157},
  year={2008},
  publisher={Taylor \& Francis}
}

@article{lucas2012transport,
  title={Transport and social exclusion: Where are we now?},
  author={Lucas, Karen},
  journal={Transport policy},
  volume={20},
  pages={105--113},
  year={2012},
  publisher={Elsevier}
}
@article{lucas2019new,
  title={A new evolution for transport-related social exclusion research?},
  author={Lucas, Karen},
  journal={Journal of transport geography},
  volume={81},
  pages={102529},
  year={2019},
  publisher={Elsevier}
}

@article{khreis2016health,
  title={The health impacts of traffic-related exposures in urban areas: Understanding real effects, underlying driving forces and co-producing future directions},
  author={Khreis, Haneen and Warsow, Karyn M and Verlinghieri, Ersilia and Guzman, Alvaro and Pellecuer, Luc and Ferreira, Antonio and Jones, Ian and Heinen, Eva and Rojas-Rueda, David and Mueller, Natalie and others},
  journal={Journal of Transport \& Health},
  volume={3},
  number={3},
  pages={249--267},
  year={2016},
  publisher={Elsevier}
}

@article{khreis2016health,
  title={The health impacts of traffic-related exposures in urban areas: Understanding real effects, underlying driving forces and co-producing future directions},
  author={Khreis, Haneen and Warsow, Karyn M and Verlinghieri, Ersilia and Guzman, Alvaro and Pellecuer, Luc and Ferreira, Antonio and Jones, Ian and Heinen, Eva and Rojas-Rueda, David and Mueller, Natalie and others},
  journal={Journal of Transport \& Health},
  volume={3},
  number={3},
  pages={249--267},
  year={2016},
  publisher={Elsevier}
}

@article{milne2012public,
  title={A public health perspective on transport policy priorities},
  author={Milne, Eugene MG},
  journal={Journal of Transport Geography},
  volume={21},
  pages={62--69},
  year={2012},
  publisher={Elsevier}
}

@article{bocarejo2012transport,
  title={Transport accessibility and social inequities: a tool for identification of mobility needs and evaluation of transport investments},
  author={Bocarejo S, Juan Pablo and Oviedo H, Daniel Ricardo},
  journal={Journal of transport geography},
  volume={24},
  pages={142--154},
  year={2012},
  publisher={Elsevier}
}

@article{martens2012justice,
  title={A justice-theoretic approach to the distribution of transportation benefits: Implications for transportation planning practice in the United States},
  author={Martens, Karel and Golub, Aaron and Robinson, Glenn},
  journal={Transportation research part A: policy and practice},
  volume={46},
  number={4},
  pages={684--695},
  year={2012},
  publisher={Elsevier}
}

@article{pereira2017distributive,
  title={Distributive justice and equity in transportation},
  author={Pereira, Rafael HM and Schwanen, Tim and Banister, David},
  journal={Transport reviews},
  volume={37},
  number={2},
  pages={170--191},
  year={2017},
  publisher={Taylor \& Francis}
}

@article{lavery2013driving,
  title={Driving out of choices: An investigation of transport modality in a university sample},
  author={Lavery, TA and Paez, Antonio and Kanaroglou, Pavlos S},
  journal={Transportation research part A: policy and practice},
  volume={57},
  pages={37--46},
  year={2013},
  publisher={Elsevier}
}

@book{banister2005unsustainable,
  title={Unsustainable transport: city transport in the new century},
  author={Banister, David},
  year={2005},
  publisher={Routledge}
}

@book{garling2014handbook,
  title={Handbook of sustainable travel},
  author={Garling, Tommy and Ettema, Dick and Friman, Margareta},
  year={2014},
  publisher={Springer}
}

@article{gossling2019social,
  title={The social cost of automobility, cycling and walking in the European Union},
  author={Gossling, Stefan and Choi, Andy and Dekker, Kaely and Metzler, Daniel},
  journal={Ecological Economics},
  volume={158},
  pages={65--74},
  year={2019},
  publisher={Elsevier}
}

@article{mueller2015health,
  title={Health impact assessment of active transportation: a systematic review},
  author={Mueller, Natalie and Rojas-Rueda, David and Cole-Hunter, Tom and De Nazelle, Audrey and Dons, Evi and Gerike, Regine and Goetschi, Thomas and Panis, Luc Int and Kahlmeier, Sonja and Nieuwenhuijsen, Mark},
  journal={Preventive medicine},
  volume={76},
  pages={103--114},
  year={2015},
  publisher={Elsevier}
}

@article{banister2008sustainable,
  title={The sustainable mobility paradigm},
  author={Banister, David},
  journal={Transport policy},
  volume={15},
  number={2},
  pages={73--80},
  year={2008},
  publisher={Elsevier}
}

@article{koenig1980indicators,
  title={Indicators of urban accessibility: theory and application},
  author={Koenig, Jean-Gerard},
  journal={Transportation},
  volume={9},
  number={2},
  pages={145--172},
  year={1980},
  publisher={Springer}
}


@article{morris1979accessibility,
  title={Accessibility indicators for transport planning},
  author={Morris, Jennifer M and Dumble, Peter L and Wigan, M Ramsay},
  journal={Transportation Research Part A: General},
  volume={13},
  number={2},
  pages={91--109},
  year={1979},
  publisher={Elsevier}
}

@article{wachs1973physical,
  title={Physical accessibility as a social indicator},
  author={Wachs, Martin and Kumagai, T Gordon},
  journal={Socio-Economic Planning Sciences},
  volume={7},
  number={5},
  pages={437--456},
  year={1973},
  publisher={Elsevier}
}

@article{handy2002accessibility,
  title={Accessibility-vs. mobility-enhancing strategies for addressing automobile dependence in the US},
  author={Handy, Susan L},
  year={2002}
}

@article{preston2007accessibility,
  title={Accessibility, mobility and transport-related social exclusion},
  author={Preston, John and Raje, Fiona},
  journal={Journal of transport geography},
  volume={15},
  number={3},
  pages={151--160},
  year={2007},
  publisher={Elsevier}
}

@incollection{miller2005place,
  title={Place-based versus people-based accessibility},
  author={Miller, Harvey J},
  booktitle={Access to destinations},
  pages={63--89},
  year={2005},
  publisher={Emerald Group Publishing Limited}
}

@article{fan2012impact,
  title={Impact of light-rail implementation on labor market accessibility: A transportation equity perspective},
  author={Fan, Yingling and Guthrie, Andrew and Levinson, David},
  journal={Journal of Transport and Land use},
  volume={5},
  number={3},
  pages={28--39},
  year={2012},
  publisher={JSTOR}
}

@article{legrain2015and,
  title={Who, what, when, and where: Revisiting the influences of transit mode share},
  author={Legrain, Alexander and Buliung, Ron and El-Geneidy, Ahmed M},
  journal={Transportation Research Record},
  volume={2537},
  number={1},
  pages={42--51},
  year={2015},
  publisher={SAGE Publications Sage CA: Los Angeles, CA}
}

@article{legrain2016travelling,
  title={Travelling fair: Targeting equitable transit by understanding job location, sectorial concentration, and transit use among low-wage workers},
  author={Legrain, Alexander and Buliung, Ron and El-Geneidy, Ahmed M},
  journal={Journal of transport geography},
  volume={53},
  pages={1--11},
  year={2016},
  publisher={Elsevier}
}

@article{miller1991modelling,
  title={Modelling accessibility using space-time prism concepts within geographical information systems},
  author={Miller, Harvey J},
  journal={International Journal of Geographical Information System},
  volume={5},
  number={3},
  pages={287--301},
  year={1991},
  publisher={Taylor \& Francis}
}

@article{chi2013impact,
  title={The impact of gasoline price changes on traffic safety: a time geography explanation},
  author={Chi, Guangqing and Porter, Jeremy R and Cosby, Arthur G and Levinson, David},
  journal={Journal of Transport Geography},
  volume={28},
  pages={1--11},
  year={2013},
  publisher={Elsevier}
}

@article{pred1977choreography,
  title={The choreography of existence: comments on Hagerstrands time-geography and its usefulness},
  author={Pred, Allan},
  journal={Economic geography},
  volume={53},
  number={2},
  pages={207--221},
  year={1977},
  publisher={Taylor \& Francis}
}

@article{miller1991modelling,
  title={Modelling accessibility using space-time prism concepts within geographical information systems},
  author={Miller, Harvey J},
  journal={International Journal of Geographical Information System},
  volume={5},
  number={3},
  pages={287--301},
  year={1991},
  publisher={Taylor \& Francis}
}

@article{miller2009field,
  title={A field-based theory for time geography},
  author={Miller, Harvey J and Bridwell, Scott A},
  journal={Annals of the Association of American Geographers},
  volume={99},
  number={1},
  pages={49--75},
  year={2009},
  publisher={Taylor \& Francis}
}

@article{wu2020unifying,
  title={Unifying access},
  author={Wu, Hao and Levinson, David},
  journal={Transportation Research Part D: Transport and Environment},
  volume={83},
  pages={102355},
  year={2020},
  publisher={Elsevier}
}

@article{ilagcrstrand1970people,
  title={What about people in regional science},
  author={Ilagcrstrand, Torsten},
  journal={regional science association},
  volume={24},
  year={1970}
}

@article{tong2015transportation,
  title={Transportation network design for maximizing space--time accessibility},
  author={Tong, Lu and Zhou, Xuesong and Miller, Harvey J},
  journal={Transportation Research Part B: Methodological},
  volume={81},
  pages={555--576},
  year={2015},
  publisher={Elsevier}
}

@article{wu2001computational,
  title={Computational tools for measuring space-time accessibility within dynamic flow transportation networks},
  author={Wu, Yi-Hwa and Miller, Harvey J},
  journal={Journal of Transportation and Statistics},
  volume={4},
  number={2/3},
  pages={1--14},
  year={2001}
}


@article{ingram1971concept,
  title={The concept of accessibility: a search for an operational form},
  author={Ingram, David R},
  journal={Regional studies},
  volume={5},
  number={2},
  pages={101--107},
  year={1971},
  publisher={Taylor \& Francis}
}

@article{reggiani2011accessibility,
  title={Accessibility and impedance forms: empirical applications to the German commuting network},
  author={Reggiani, Aura and Bucci, Pietro and Russo, Giovanni},
  journal={International Regional Science Review},
  volume={34},
  number={2},
  pages={230--252},
  year={2011},
  publisher={SAGE Publications Sage CA: Los Angeles, CA}
}

@article{geurs2003evaluation,
  title={Evaluation of accessibility impacts of land-use scenarios: the implications of job competition, land-use, and infrastructure developments for the Netherlands},
  author={Geurs, Karst T and van Eck, JR Ritsema and others},
  journal={Environment and Planning B},
  volume={30},
  number={1},
  pages={69--88},
  year={2003},
  publisher={Citeseer}
}

@article{levinson2020towards,
  title={Towards a general theory of access},
  author={Levinson, David and Wu, Hao},
  journal={Journal of Transport and Land Use},
  volume={13},
  number={1},
  pages={129--158},
  year={2020},
  publisher={JSTOR}
}

@article{miller2004tobler,
  title={Toblers first law and spatial analysis},
  author={Miller, Harvey J},
  journal={Annals of the association of American geographers},
  volume={94},
  number={2},
  pages={284--289},
  year={2004},
  publisher={Taylor \& Francis}
}


@article{bhat2000urban,
  title={Urban accessibility index: literature review},
  author={Bhat, Chandra and Handy, Susan and Kockelman, Kara and Mahmassani, Hani and Chen, Qinglin and Weston, Lisa},
  journal={Center of Transportation Research, University of Texas at Austin, Springfield},
  year={2000}
}

@article{lee1998application,
  title={Application of space-time prisms for the measurement of accessibility},
  author={Lee, Ming S and McNally, Michael G},
  year={1998}
}

@article{ilagcrstrand1970people,
  title={What about people in regional science},
  author={Ilagcrstrand, Torsten},
  journal={regional science association},
  volume={24},
  year={1970}
}

@article{fransen2015identifying,
  title={Identifying public transport gaps using time-dependent accessibility levels},
  author={Fransen, Koos and Neutens, Tijs and Farber, Steven and De Maeyer, Philippe and Deruyter, Greet and Witlox, Frank},
  journal={Journal of Transport Geography},
  volume={48},
  pages={176--187},
  year={2015},
  publisher={Elsevier}
}

@article{browne2001empirical,
  title={An empirical investigation of user requirements elicitation: Comparing the effectiveness of prompting techniques},
  author={Browne, Glenn J and Rogich, Michael B},
  journal={Journal of Management Information Systems},
  volume={17},
  number={4},
  pages={223--249},
  year={2001},
  publisher={Taylor \& Francis}
}

@article{friedrich2007towards,
  title={Towards a methodology to elicit tacit domain knowledge from users},
  author={Friedrich, Wernher R and Van Der Poll, John A},
  journal={Interdisciplinary journal of information, knowledge, and management},
  volume={2},
  pages={179},
  year={2007},
  publisher={Informing Science Institute}
}

@article{hadar2014role,
  title={The role of domain knowledge in requirements elicitation via interviews: an exploratory study},
  author={Hadar, Irit and Soffer, Pnina and Kenzi, Keren},
  journal={Requirements Engineering},
  volume={19},
  pages={143--159},
  year={2014},
  publisher={Springer}
}


@inproceedings{engelbrektsson2000eliciting,
  title={Eliciting customer
  requirements in focus group interviews: can efficiency be increased},
  author={Engelbrektsson, Pontus and Yesil, ozlem and Karlsson, ICM},
  booktitle={7th International Product Development Management Conference},
  pages={29--30},
  year={2000},
  organization={Citeseer}
}


@article{o2003aggregate,
  title={Aggregate accessibility to population at the county level: US 1940-2000},
  author={OKelly, Morton E and Horner, Mark W},
  journal={Journal of Geographical Systems},
  volume={5},
  number={1},
  pages={5},
  year={2003},
  publisher={Springer Nature BV}
}


@article{iacono2008access,
  title={Access to destinations: How close is close enough? Estimating accurate distance decay functions for multiple modes and different purposes},
  author={Iacono, Michael and Krizek, Kevin and El-Geneidy, Ahmed M},
  year={2008},
  publisher={Minnesota Department of Transportation}
}

@article{wu2019measuring,
  title={Measuring the destination accessibility of cycling transfer trips in metro station areas: A big data approach},
  author={Wu, Xueying and Lu, Yi and Lin, Yaoyu and Yang, Yiyang},
  journal={International journal of environmental research and public health},
  volume={16},
  number={15},
  pages={2641},
  year={2019},
  publisher={MDPI}
}

@article{nassir2016utility,
  title={A utility-based travel impedance measure for public transit network accessibility},
  author={Nassir, Neema and Hickman, Mark and Malekzadeh, Ali and Irannezhad, Elnaz},
  journal={Transportation Research Part A: Policy and Practice},
  volume={88},
  pages={26--39},
  year={2016},
  publisher={Elsevier}
}

@article{hansen1959accessibility,
  title={How accessibility shapes land use},
  author={Hansen, Walter G},
  journal={Journal of the American Institute of planners},
  volume={25},
  number={2},
  pages={73--76},
  year={1959},
  publisher={Taylor \& Francis}
}


@article{pirie1979measuring,
  title={Measuring accessibility: a review and proposal},
  author={Pirie, Gordon H},
  journal={Environment and planning A},
  volume={11},
  number={3},
  pages={299--312},
  year={1979},
  publisher={SAGE Publications Sage UK: London, England}
}

@article{handy1997measuring,
  title={Measuring accessibility: an exploration of issues and alternatives},
  author={Handy, Susan L and Niemeier, Debbie A},
  journal={Environment and planning A},
  volume={29},
  number={7},
  pages={1175--1194},
  year={1997},
  publisher={SAGE Publications Sage UK: London, England}
}

@article{bhat2002development,
  title={Development of an urban accessibility index: formulations, aggregation, and application},
  author={Bhat, Chandra and Handy, Susan and Kockelman, Kara and Mahmassani, Hani and Gopal, Anand and Srour, Issam and Weston, Lisa},
  journal={Work},
  volume={4938},
  number={4},
  year={2002}
}

@article{church2003measuring,
  title={Measuring accessibility for people with a disability},
  author={Church, Richard L and Marston, James R},
  journal={Geographical Analysis},
  volume={35},
  number={1},
  pages={83--96},
  year={2003},
  publisher={Wiley Online Library}
}

@article{kwan2003recent,
  title={Recent advances in accessibility research: Representation, methodology and applications},
  author={Kwan, Mei-Po and Murray, Alan T and OKelly, Morton E and Tiefelsdorf, Michael},
  journal={Journal of geographical Systems},
  volume={5},
  pages={129--138},
  year={2003},
  publisher={Springer}
}

@book{levinson2005access,
  title={Access to destinations},
  author={Levinson, David M and Krizek, Kevin J},
  year={2005},
  publisher={Elsevier Publishers}
}

@article{cascetta2013new,
  title={A new measure of accessibility based on perceived opportunities},
  author={Cascetta, Ennio and Carteni, Armando and Montanino, Marcello},
  journal={Procedia-Social and Behavioral Sciences},
  volume={87},
  pages={117--132},
  year={2013},
  publisher={Elsevier}
}

@article{geurs2001accessibility,
  title={Accessibility measures: review and applications. Evaluation of accessibility impacts of land-use transportation scenarios, and related social and economic impact},
  author={Geurs, Karst T and Ritsema van Eck, Jan R},
  journal={RIVM rapport 408505006},
  year={2001},
  publisher={Universiteit Utrecht-URU}
}

@article{geurs2004,
  title={Accessibility evaluation of land-use and transport strategies: review and research directions},
  author={Geurs, Karst T and Van Wee, Bert},
  journal={Journal of Transport geography},
  volume={12},
  number={2},
  pages={127--140},
  year={2004},
  publisher={Elsevier}
}

@article{frank2001built,
  title={The built environment and human activity patterns: exploring the impacts of urban form on public health},
  author={Frank, Lawrence D and Engelke, Peter O},
  journal={Journal of planning literature},
  volume={16},
  number={2},
  pages={202--218},
  year={2001},
  publisher={Sage Publications Sage CA: Thousand Oaks, CA}
}

@article{sallis2004active,
  title={Active transportation and physical activity: opportunities for collaboration on transportation and public health research},
  author={Sallis, James F and Frank, Lawrence D and Saelens, Brian E and Kraft, M Katherine},
  journal={Transportation research part A: policy and Practice},
  volume={38},
  number={4},
  pages={249--268},
  year={2004},
  publisher={Elsevier}
}

@article{currie2010quantifying,
  title={Quantifying spatial gaps in public transport supply based on social needs},
  author={Currie, Graham},
  journal={Journal of Transport Geography},
  volume={18},
  number={1},
  pages={31--41},
  year={2010},
  publisher={Elsevier}
}

@article{frank2005linking,
  title={Linking objectively measured physical activity with objectively measured urban form: findings from SMARTRAQ},
  author={Frank, Lawrence D and Schmid, Thomas L and Sallis, James F and Chapman, James and Saelens, Brian E},
  journal={American journal of preventive medicine},
  volume={28},
  number={2},
  pages={117--125},
  year={2005},
  publisher={Elsevier}
}

@article{iacono2010,
  title={Measuring non-motorized accessibility: issues, alternatives, and execution},
  author={Iacono, Michael and Krizek, Kevin J and El-Geneidy, Ahmed},
  journal={Journal of Transport Geography},
  volume={18},
  number={1},
  pages={133--140},
  year={2010},
  publisher={Elsevier}
}

@incollection{krizek2005perspectives,
  title={Perspectives on accessibility and travel},
  author={Krizek, Kevin J},
  booktitle={Access to destinations},
  pages={109--130},
  year={2005},
  publisher={Emerald Group Publishing Limited}
}

@article{vale2017influence,
  title={The influence of the impedance function on gravity-based pedestrian accessibility measures: A comparative analysis},
  author={Vale, David S and Pereira, Mauro},
  journal={Environment and Planning B: Urban Analytics and City Science},
  volume={44},
  number={4},
  pages={740--763},
  year={2017},
  publisher={SAGE Publications Sage UK: London, England}
}

@article{papa2012gravity,
  title={Gravity-based accessibility measures for integrated transport-land use planning (GraBAM)},
  author={Papa, Enrica and Coppola, Pierluigi},
  journal={Accessibility instruments for planning practice},
  volume={117},
  pages={124},
  year={2012},
  publisher={COST Office Porto}
}


@article{vale2016active,
  title={Active accessibility: A review of operational measures of walking and cycling accessibility},
  author={Vale, David S and Saraiva, Miguel and Pereira, Mauro},
  journal={Journal of transport and land use},
  volume={9},
  number={1},
  pages={209--235},
  year={2016},
  publisher={JSTOR}
}

@book{itf2017linking,
  title={Linking People and Places: New Ways of Understanding Spatial Access in Cities},
  author={ITF.},
  year={2017},
  publisher={OECD Publishing}
}

@article{van2016role,
  title={The role of accessibility in urban and transport planning},
  author={van Wee, Bert and Geurs, Karst},
  journal={Handbook on transport and urban planning in the developed world},
  pages={53--66},
  year={2016},
  publisher={Edward Elgar}
}

@article{boisjoly2017insider,
  title={The insider: A planners' perspective on accessibility},
  author={Boisjoly, Genevi{\`e}ve and El-Geneidy, Ahmed M},
  journal={Journal of Transport Geography},
  volume={64},
  pages={33--43},
  year={2017},
  publisher={Elsevier}
}


@article{fotheringham1981spatial,
  title={Spatial structure and distance-decay parameters},
  author={Fotheringham, A Stewart},
  journal={Annals of the association of American geographers},
  volume={71},
  number={3},
  pages={425--436},
  year={1981},
  publisher={Taylor \& Francis}
}

@article{eldridge1991warped,
  title={Warped space: A geography of distance decay},
  author={Eldridge, J Douglas and Jones III, John Paul},
  journal={The Professional Geographer},
  volume={43},
  number={4},
  pages={500--511},
  year={1991},
  publisher={Taylor \& Francis}
}

@article{larsen2010beyond,
  title={Beyond the quarter mile: Re-examining travel distances by active transportation},
  author={Larsen, Jacob and El-Geneidy, Ahmed and Yasmin, Farhana},
  journal={Canadian Journal of Urban Research},
  volume={19},
  number={1},
  pages={70--88},
  year={2010},
  publisher={JSTOR}
}


@article{vega2012using,
  title={Using Place Rank to measure sustainable accessibility},
  author={Vega, Amaya},
  journal={Journal of Transport Geography},
  volume={24},
  pages={411--418},
  year={2012},
  publisher={Elsevier}
}

@article{osth2016new,
  title={A new way of determining distance decay parameters in spatial interaction models with application to job accessibility analysis in Sweden},
  author={Osth, John and Lyhagen, Johan and Reggiani, Aura},
  journal={European Journal of Transport and Infrastructure Research},
  volume={16},
  number={2},
  year={2016}
}

@article{reggiani2011accessibility,
  title={Accessibility and impedance forms: empirical applications to the German commuting network},
  author={Reggiani, Aura and Bucci, Pietro and Russo, Giovanni},
  journal={International Regional Science Review},
  volume={34},
  number={2},
  pages={230--252},
  year={2011},
  publisher={SAGE Publications Sage CA: Los Angeles, CA}
}

@article{de2009exponential,
  title={Exponential or power distance-decay for commuting? An alternative specification},
  author={De Vries, Jacob J and Nijkamp, Peter and Rietveld, Piet},
  journal={Environment and planning A},
  volume={41},
  number={2},
  pages={461--480},
  year={2009},
  publisher={SAGE Publications Sage UK: London, England}
}

@article{yang2012walking,
  title={Walking distance by trip purpose and population subgroups},
  author={Yang, Yong and Diez-Roux, Ana V},
  journal={American journal of preventive medicine},
  volume={43},
  number={1},
  pages={11--19},
  year={2012},
  publisher={Elsevier}
}

@article{arranz2019measuring,
  title={Measuring relative non-motorized accessibility to retail activities},
  author={Arranz-Lopez, Aldo and Soria-Lara, Julio A and Witlox, Frank and Paez, Antonio},
  journal={International journal of sustainable transportation},
  volume={13},
  number={9},
  pages={639--651},
  year={2019},
  publisher={Taylor \& Francis}
}

@article{prins2014many,
  title={How many walking and cycling trips made by elderly are beyond commonly used buffer sizes: results from a GPS study},
  author={Prins, Richard G and Pierik, Frank and Etman, Astrid and Sterkenburg, Reinier P and Kamphuis, Carlijn BM and Van Lenthe, FJ},
  journal={Health \& place},
  volume={27},
  pages={127--133},
  year={2014},
  publisher={Elsevier}
}


@article{tan2014walking,
  title={Walking as a planned activity: Elevated pedestrian network and urban design regulation in Hong Kong},
  author={Tan, Zheng and QL Xue, Charlie},
  journal={Journal of Urban Design},
  volume={19},
  number={5},
  pages={722--744},
  year={2014},
  publisher={Taylor \& Francis}
}

@article{demaio2009bike,
  title={Bike-sharing: History, impacts, models of provision, and future},
  author={DeMaio, Paul},
  journal={Journal of public transportation},
  volume={12},
  number={4},
  pages={41--56},
  year={2009},
  publisher={Elsevier}
}


@article{taylor1975distance,
  title={Distance decay models in spatial interactions},
  author={Taylor, Peter},
  journal={(No Title)},
  year={1975}
}

@article{luoma1993threshold,
  title={The threshold gravity model and transport geography: How transport development influences the distance-decay parameter of the gravity model},
  author={Luoma, Martti and Mikkonen, Kauko and Palomaki, Mauri},
  journal={Journal of Transport Geography},
  volume={1},
  number={4},
  pages={240--247},
  year={1993},
  publisher={Elsevier}
}


@book{de2011modelling,
  title={Modelling transport},
  author={de Dios Ortuzar, Juan and Willumsen, Luis G},
  year={2011},
  publisher={John wiley \& sons}
}

@article{millward2013active,
  title={Active-transport walking behavior: destinations, durations, distances},
  author={Millward, Hugh and Spinney, Jamie and Scott, Darren},
  journal={Journal of Transport Geography},
  volume={28},
  pages={101--110},
  year={2013},
  publisher={Elsevier}
}

@article{kanafani1983transportation,
  title={Transportation demand analysis},
  author={Kanafani, Adib},
  year={1983}
}

@article{grengs2015nonwork,
  title={Nonwork accessibility as a social equity indicator},
  author={Grengs, Joe},
  journal={International Journal of Sustainable Transportation},
  volume={9},
  number={1},
  pages={1--14},
  year={2015},
  publisher={Taylor \& Francis}
}

@article{untermann1984accommodating,
  title={Accommodating the pedestrian: Adapting towns and neighbourhoods for walking and bicycling},
  author={Untermann, Richard K},
  year={1984}
}

@book{fotheringham1989spatial,
  title={Spatial interaction models: formulations and applications},
  author={Fotheringham, A Stewart and O'Kelly, Morton E},
  volume={1},
  year={1989},
  publisher={Kluwer Academic Publishers Dordrecht}
}


@article{luoma1993threshold,
  title={The threshold gravity model and transport geography: How transport development influences the distance-decay parameter of the gravity model},
  author={Luoma, Martti and Mikkonen, Kauko and Palomaki, Mauri},
  journal={Journal of Transport Geography},
  volume={1},
  number={4},
  pages={240--247},
  year={1993},
  publisher={Elsevier}
}

@article{mikkonen1999parameters,
  title={The parameters of the gravity model are changing--how and why?},
  author={Mikkonen, Kauko and Luoma, Martti},
  journal={Journal of Transport Geography},
  volume={7},
  number={4},
  pages={277--283},
  year={1999},
  publisher={Elsevier}
}


@article{as1978studies,
  title={Studies of time-use: problems and prospects},
  author={As, Dagfinn},
  journal={Acta Sociologica},
  volume={21},
  number={2},
  pages={125--141},
  year={1978},
  publisher={Sage Publications Sage CA: Thousand Oaks, CA}
}



@book{gershuny2003changing,
  title={Changing times: Work and leisure in postindustrial society},
  author={Gershuny, Jonathan},
  year={2003},
  publisher={Oxford University Press, USA}
}

@article{meier1959human,
  title={Human time allocation: a basis for social accounts},
  author={Meier, Richard L},
  journal={Journal of the American Institute of Planners},
  volume={25},
  number={1},
  pages={27--34},
  year={1959},
  publisher={Taylor \& Francis}
}

@book{robinson2010time,
  title={Time for life: The surprising ways Americans use their time},
  author={Robinson, John and Godbey, Geoffrey},
  year={2010},
  publisher={Penn State Press}
}

@article{tudor2007walking,
  title={Walking behaviours from the 1965--2003 American heritage time use study (AHTUS)},
  author={Tudor-Locke, Catrine and van der Ploeg, Hidde P and Bowles, Heather R and Bittman, Michael and Fisher, Kimberly and Merom, Dafna and Gershuny, Jonathan and Bauman, Adrian and Egerton, Muriel},
  journal={International Journal of Behavioral Nutrition and Physical Activity},
  volume={4},
  pages={1--9},
  year={2007},
  publisher={Springer}
}

@article{bryan2009patterns,
  title={Patterns and trends in walking behaviour among Canadian adults},
  author={Bryan, Shirley N and Katzmarzyk, Peter T},
  journal={Canadian Journal of Public Health},
  volume={100},
  pages={294--298},
  year={2009},
  publisher={Springer}
}

@article{adams2010prevalence,
  title={Prevalence and socio-demographic correlates of “active transport” in the UK: analysis of the UK time use survey 2005},
  author={Adams, Jean},
  journal={Preventive medicine},
  volume={50},
  number={4},
  pages={199--203},
  year={2010},
  publisher={Elsevier}
}


@book{hull2012accessibility,
  title={Accessibility instruments for planning practice},
  author={Hull, Angela and Silva, Cecilia and Bertolini, Luca},
  year={2012},
  publisher={Cost Office Brussels}
}

@inproceedings{sun2012measuring,
  title={Measuring the influence of built environment on walking behavior: An accessibility approach},
  author={Sun, Guibo and Lin, Hui and Li, Rongrong},
  booktitle={Geographic Information Science: 7th International Conference, GIScience 2012, Columbus, OH, USA, September 18-21, 2012. Proceedings 7},
  pages={187--197},
  year={2012},
  organization={Springer}
}

@inproceedings{lowry2012using,
  title={Using bicycle level of service to assess community-wide bikeability},
  author={Lowry, M and Callister, Daniel and Gresham, M and Moore, B},
  booktitle={91st Annual Meeting of the Transportation Research Board, Washington, DC: Transportation Research Board},
  year={2012}
}

@article{vasconcelos2012evaluation,
  title={Evaluation of urban accessibility indicators based on internal and external environmental costs},
  author={Vasconcelos, Ana S and Farias, Tiago L},
  journal={Transportation Research Part D: Transport and Environment},
  volume={17},
  number={6},
  pages={433--441},
  year={2012},
  publisher={Elsevier}
}

@article{signorino2011gravity,
  title={Gravity models to classify commuting vs. resident workers. An application to the analysis of residential risk in a contaminated area},
  author={Signorino, Guido and Pasetto, Roberto and Gatto, Elisa and Mucciardi, Massimo and La Rocca, Marina and Mudu, Pierpaolo},
  journal={International journal of health geographics},
  volume={10},
  number={1},
  pages={1--10},
  year={2011},
  publisher={BioMed Central}
}

@article{prins2014many,
  title={How many walking and cycling trips made by elderly are beyond commonly used buffer sizes: results from a GPS study},
  author={Prins, Richard G and Pierik, Frank and Etman, Astrid and Sterkenburg, Reinier P and Kamphuis, Carlijn BM and Van Lenthe, FJ},
  journal={Health \& place},
  volume={27},
  pages={127--133},
  year={2014},
  publisher={Elsevier}
}

@article{tudor2005patterns,
  title={Patterns of walking for transport and exercise: a novel application of time use data},
  author={Tudor-Locke, Catrine and Bittman, Michael and Merom, Dafna and Bauman, Adrian},
  journal={International journal of behavioral nutrition and physical activity},
  volume={2},
  number={1},
  pages={1--10},
  year={2005},
  publisher={BioMed Central}
}

@article{iacono2008access,
  title={Access to destinations: How close is close enough? Estimating accurate distance decay functions for multiple modes and different purposes},
  author={Iacono, Michael and Krizek, Kevin and El-Geneidy, Ahmed M},
  year={2008},
  publisher={Minnesota Department of Transportation}
}

@inproceedings{daly1997improved,
  title={Improved methods for trip generation},
  author={Daly, AJ},
  booktitle={Transportation planning methods Volume 11. Proceedings of seminar F held at PTRC European Transport Forum, Brunel University, England, 1-5 September 1997. Volume P415},
  year={1997}
}

@article{handy1993regional,
  title={Regional versus local accessibility: Implications for nonwork travel},
  author={Handy, Susan},
  year={1993}
}

@article{hanson1987accessibility,
  title={Accessibility and intraurban travel},
  author={Hanson, Susan and Schwab, Margo},
  journal={Environment and planning A},
  volume={19},
  number={6},
  pages={735--748},
  year={1987},
  publisher={SAGE Publications Sage UK: London, England}
}


@article{clifton2001evaluating,
  title={Evaluating neighborhood accessibility: Possibilities and practicalities},
  author={Clifton, KELLY J and Handy, SL},
  journal={Journal of transportation and statistics},
  volume={4},
  number={2-3},
  pages={67},
  year={2001},
  publisher={Bureau of Transportation Statistics, United States Department of Transportation}
}


@incollection{krizek2005perspectives,
  title={Perspectives on accessibility and travel},
  author={Krizek, Kevin J},
  booktitle={Access to destinations},
  pages={109--130},
  year={2005},
  publisher={Emerald Group Publishing Limited}
}


@article{saghapour2017measuring,
  title={Measuring cycling accessibility in metropolitan areas},
  author={Saghapour, Tayebeh and Moridpour, Sara and Thompson, Russell G},
  journal={International journal of sustainable transportation},
  volume={11},
  number={5},
  pages={381--394},
  year={2017},
  publisher={Taylor \& Francis}
}

@article{wu2019measuring,
  title={Measuring the destination accessibility of cycling transfer trips in metro station areas: A big data approach},
  author={Wu, Xueying and Lu, Yi and Lin, Yaoyu and Yang, Yiyang},
  journal={International journal of environmental research and public health},
  volume={16},
  number={15},
  pages={2641},
  year={2019},
  publisher={MDPI}
}

@article{kwan1998space,
  title={Space-time and integral measures of individual accessibility: a comparative analysis using a point-based framework},
  author={Kwan, Mei-Po},
  journal={Geographical analysis},
  volume={30},
  number={3},
  pages={191--216},
  year={1998},
  publisher={Wiley Online Library}
}


@article{li2020approach,
  title={An approach to imputing destination activities for inclusion in measures of bicycle accessibility},
  author={Li, Aoyong and Huang, Yizhe and Axhausen, Kay W},
  journal={Journal of transport geography},
  volume={82},
  pages={102566},
  year={2020},
  publisher={Elsevier}
}

@article{thorsen1999network,
  title={A network approach to commuting},
  author={Thorsen, Inge and Uboe, Jan and Naelig; vdal, Geir},
  journal={Journal of Regional Science},
  volume={39},
  number={1},
  pages={73--101},
  year={1999},
  publisher={Wiley Online Library}
}

@article{wu2019measuring,
  title={Measuring the destination accessibility of cycling transfer trips in metro station areas: A big data approach},
  author={Wu, Xueying and Lu, Yi and Lin, Yaoyu and Yang, Yiyang},
  journal={International journal of environmental research and public health},
  volume={16},
  number={15},
  pages={2641},
  year={2019},
  publisher={MDPI}
}

@incollection{miller2005place,
  title={Place-based versus people-based accessibility},
  author={Miller, Harvey J},
  booktitle={Access to destinations},
  pages={63--89},
  year={2005},
  publisher={Emerald Group Publishing Limited}
}

@article{grengs2004measuring,
  title={Measuring change in small-scale transit accessibility with Geographic Information Systems: Buffalo and Rochester, New York},
  author={Grengs, Joe},
  journal={Transportation Research Record},
  volume={1887},
  number={1},
  pages={10--17},
  year={2004},
  publisher={SAGE Publications Sage CA: Los Angeles, CA}
}


@article{hess2005access,
  title={Access to employment for adults in poverty in the Buffalo-Niagara region},
  author={Hess, Daniel Baldwin},
  journal={Urban Studies},
  volume={42},
  number={7},
  pages={1177--1200},
  year={2005},
  publisher={Sage Publications Sage UK: London, England}
}

@article{wilson1971family,
  title={A family of spatial interaction models, and associated developments},
  author={Wilson, Alan Geoffrey},
  journal={Environment and Planning A},
  volume={3},
  number={1},
  pages={1--32},
  year={1971},
  publisher={Sage Publications Sage UK: London, England}
}


@article{hsiao1997use,
  title={Use of geographic information system for analysis of transit pedestrian access},
  author={Hsiao, Shirley and Lu, Jian and Sterling, James and Weatherford, Matthew},
  journal={Transportation Research Record},
  volume={1604},
  number={1},
  pages={50--59},
  year={1997},
  publisher={SAGE Publications Sage CA: Los Angeles, CA}
}

@article{zhao2003forecasting,
  title={Forecasting transit walk accessibility: Regression model alternative to buffer method},
  author={Zhao, Fang and Chow, Lee-Fang and Li, Min-Tang and Ubaka, Ike and Gan, Albert},
  journal={Transportation Research Record},
  volume={1835},
  number={1},
  pages={34--41},
  year={2003},
  publisher={SAGE Publications Sage CA: Los Angeles, CA}
}

@book{geurs2006accessibility,
  title={Accessibility, land use and transport: accessibility evaluation of land-use and transport developments and policy strategy},
  author={Geurs, Karst},
  year={2006},
  publisher={Eburon Uitgeverij BV}
}


@article{carrothers1956historical,
  title={An historical review of the gravity and potential concepts of human interaction},
  author={Carrothers, Gerald AP},
  journal={Journal of the American Institute of Planners},
  volume={22},
  number={2},
  pages={94--102},
  year={1956},
  publisher={Taylor \& Francis}
}


@article{meyer1984urban,
  title={Urban transportation planning: A decision-oriented approach},
  author={Meyer, Michael D and Miller, Eric J},
  year={1984}
}


@article{breheny1978measurement,
  title={The measurement of spatial opportunity in strategic planning},
  author={Breheny, Michael J},
  journal={Regional studies},
  volume={12},
  number={4},
  pages={463--479},
  year={1978},
  publisher={Taylor \& Francis}
}


@article{paez2012measuring,
  title={Measuring accessibility: positive and normative implementations of various accessibility indicators},
  author={Paez, Antonio and Scott, Darren M and Morency, Catherine},
  journal={Journal of Transport Geography},
  volume={25},
  pages={141--153},
  year={2012},
  publisher={Elsevier}
}

@article{halas2014distance,
  title={Distance-decay functions for daily travel-to-work flows},
  author={Halas, Marian and Klapka, Pavel and Kladivo, Petr},
  journal={Journal of Transport Geography},
  volume={35},
  pages={107--119},
  year={2014},
  publisher={Elsevier}
}

@article{martinez2013new,
  title={A new approach to modelling distance-decay functions for accessibility assessment in transport studies},
  author={Martinez, L Miguel and Viegas, Jose Manuel},
  journal={Journal of Transport Geography},
  volume={26},
  pages={87--96},
  year={2013},
  publisher={Elsevier}
}


@article{van2001accessibility,
  title={Accessibility measures with competition},
  author={Van Wee, Bert and Hagoort, Michel and Annema, Jan Anne},
  journal={Journal of Transport geography},
  volume={9},
  number={3},
  pages={199--208},
  year={2001},
  publisher={Elsevier}
}


@inproceedings{skov2001estimation,
  title={Estimation of distance-decay parameters: GIS-based indicators of recreational accessibility.},
  author={Skov-Petersen, Hans},
  booktitle={ScanGIS},
  pages={237--258},
  year={2001}
}

@article{geertman1995gis,
  title={GIS and models of accessibility potential: an application in planning},
  author={Geertman, Stan CM and Ritsema Van Eck, Jan R},
  journal={International journal of geographical information systems},
  volume={9},
  number={1},
  pages={67--80},
  year={1995},
  publisher={Taylor \& Francis}
}


@article{ingram1971concept,
  title={The concept of accessibility: A search for an operational form},
  author={Ingram, David R},
  journal={Regional studies},
  volume={5},
  number={2},
  pages={101--107},
  year={1971},
  publisher={Taylor \& Francis}
}

@article{gutierrez1996european,
  title={The European high-speed train network: predicted effects on accessibility patterns},
  author={Gutierrez, Javier and Gonzalez, Rafael and Gomez, Gabriel},
  journal={Journal of transport geography},
  volume={4},
  number={4},
  pages={227--238},
  year={1996},
  publisher={Elsevier}
}

@article{apparicio2008comparing,
  title={Comparing alternative approaches to measuring the geographical accessibility of urban health services: Distance types and aggregation-error issues},
  author={Apparicio, Philippe and Abdelmajid, Mohamed and Riva, Mylene and Shearmur, Richard},
  journal={International journal of health geographics},
  volume={7},
  number={1},
  pages={1--14},
  year={2008},
  publisher={BioMed Central}
}



@article{talen1998assessing,
  title={Assessing spatial equity: an evaluation of measures of accessibility to public playgrounds},
  author={Talen, Emily and Anselin, Luc},
  journal={Environment and planning A},
  volume={30},
  number={4},
  pages={595--613},
  year={1998},
  publisher={SAGE Publications Sage UK: London, England}
}


@article{willigers2007accessibility,
  title={Accessibility indicators for location choices of offices: an application to the intraregional distributive effects of high-speed rail in the Netherlands},
  author={Willigers, Jasper and Floor, Han and van Wee, Bert},
  journal={Environment and planning A},
  volume={39},
  number={9},
  pages={2086--2898},
  year={2007},
  publisher={SAGE Publications Sage UK: London, England}
}

@article{gaudry1981inverse,
  title={The inverse power transformation logit and dogit mode choice models},
  author={Gaudry, Marc JI},
  journal={Transportation Research part B: Methodological},
  volume={15},
  number={2},
  pages={97--103},
  year={1981},
  publisher={Elsevier}
}

@article{mandel1997disaggregate,
  title={A disaggregate Box-Cox Logit mode choice model of intercity passenger travel in Germany and its implications for high-speed rail demand forecasts},
  author={Mandel, Benedikt and Gaudry, Marc and Rothengatter, Werner},
  journal={The Annals of Regional Science},
  volume={31},
  pages={99--120},
  year={1997},
  publisher={Springer}
}



@article{tiefelsdorf2003misspecifications,
  title={Misspecifications in interaction model distance decay relations: A spatial structure effect},
  author={Tiefelsdorf, Michael},
  journal={Journal of Geographical Systems},
  volume={5},
  pages={25--50},
  year={2003},
  publisher={Springer}
}


@article{richardson1969elements,
  title={Elements of regional economics.},
  author={Richardson, Harry Ward and others},
  journal={Elements of regional economics.},
  year={1969},
  publisher={Harmondsworth: Penguin Books.}
}


@book{de2011modelling,
  title={Modelling transport},
  author={de Dios Ortuzar, Juan and Willumsen, Luis G},
  year={2011},
  publisher={John wiley \& sons}
}

@article{koenig1980indicators,
  title={Indicators of urban accessibility: theory and application},
  author={Koenig, Jean-Gerard},
  journal={Transportation},
  volume={9},
  number={2},
  pages={145--172},
  year={1980},
  publisher={Springer}
}

@article{song1996some,
  title={Some tests of alternative accessibility measures: A population density approach},
  author={Song, Shunfeng},
  journal={Land Economics},
  pages={474--482},
  year={1996},
  publisher={JSTOR}
}

@article{delignette2015fitdistrplus,
  title={fitdistrplus: An R package for fitting distributions},
  author={Delignette-Muller, Marie Laure and Dutang, Christophe},
  journal={Journal of statistical software},
  volume={64},
  pages={1--34},
  year={2015}
}


@mastersthesis{hamidi2014applying,
  title={Applying accessibility measures to explore the integration of bicycle and transmilenio system in the city of Bogota},
  author={Hamidi, ZAHRA},
  year={2014},
  school={University of Twente}
}


@article{vickerman1974accessibility,
  title={Accessibility, attraction, and potential: a review of some concepts and their use in determining mobility},
  author={Vickerman, Roger W},
  journal={Environment and Planning A},
  volume={6},
  number={6},
  pages={675--691},
  year={1974},
  publisher={SAGE Publications Sage UK: London, England}
}

@article{stewart1948demographic,
  title={Demographic gravitation: evidence and applications},
  author={Stewart, John Q},
  journal={Sociometry},
  volume={11},
  number={1/2},
  pages={31--58},
  year={1948},
  publisher={JSTOR}
}

@article{zipf1949human,
  title={Human behavior and the principle of least effort: An introduction to human eoclogy},
  author={Zipf, George Kingsley},
  year={1949},
  publisher={Addison-Wesley Press}
}

@book{sen2012gravity,
  title={Gravity models of spatial interaction behavior},
  author={Sen, Ashish and Smith, Tony E},
  year={2012},
  publisher={Springer Science \& Business Media}
}

@article{wilson1971family,
  title={A family of spatial interaction models, and associated developments},
  author={Wilson, Alan Geoffrey},
  journal={Environment and Planning A},
  volume={3},
  number={1},
  pages={1--32},
  year={1971},
  publisher={Sage Publications Sage UK: London, England}
}

@misc{taylor1983distance,
  title={Distance decay in spatial interactions. CATMOG 2},
  author={Taylor, PJ},
  year={1983},
  publisher={Geo Books, Norwich}
}

@article{stewart1941inverse,
  title={An inverse distance variation for certain social influences},
  author={Stewart, John Q},
  journal={Science},
  volume={93},
  number={2404},
  pages={89--90},
  year={1941},
  publisher={American Association for the Advancement of Science}
}


@article{taylor1971distance,
  title={Distance transformation and distance decay functions},
  author={Taylor, Peter J},
  journal={Geographical Analysis},
  volume={3},
  number={3},
  pages={221--238},
  year={1971},
  publisher={Wiley Online Library}
}

@article{johnston1973frictions,
  title={On frictions of distance and regression coefficients},
  author={Johnston, Ronald J},
  journal={Area},
  pages={187--191},
  year={1973},
  publisher={JSTOR}
}

@book{haggett2001geography,
  title={Geography: a global synthesis},
  author={Haggett, Peter},
  year={2001},
  publisher={Pearson Education}
}

@misc{robinsonm,
  title={M., 1998: Methods and Techniques in Human Geography},
  author={Robinson, G},
  publisher={New York: Wiley \& Sons}
}

@article{mozolin2000trip,
  title={Trip distribution forecasting with multilayer perceptron neural networks: A critical evaluation},
  author={Mozolin, Mikhail and Thill, J-C and Usery, E Lynn},
  journal={Transportation Research Part B: Methodological},
  volume={34},
  number={1},
  pages={53--73},
  year={2000},
  publisher={Elsevier}
}

@article{hino2014built,
  title={Built environment and physical activity for transportation in adults from Curitiba, Brazil},
  author={Hino, Adriano AF and Reis, Rodrigo S and Sarmiento, Olga L and Parra, Diana C and Brownson, Ross C},
  journal={Journal of urban health},
  volume={91},
  pages={446--462},
  year={2014},
  publisher={Springer}
}

@article{lamiquiz2015effects,
  title={Effects of built environment on walking at the neighbourhood scale. A new role for street networks by modelling their configurational accessibility?},
  author={Lam{i}quiz, Patxi J and Lopez-Dominguez, Jorge},
  journal={Transportation Research Part A: Policy and Practice},
  volume={74},
  pages={148--163},
  year={2015},
  publisher={Elsevier}
}

@misc{european2020first,
  title={The First and Last Mile: The Key to Sustainable Urban Transport: Transport and Environment Report 2019},
  author={European Environment Agency},
  year={2020},
  publisher={Publications Office of the European Union Luxembourg}
}

@article{dunning2020surprising,
  title={The surprising availability of cycling and walking infrastructure through COVID-19},
  author={Dunning, Richard and Nurse, Alexander},
  journal={Town planning review},
  volume={92},
  number={2},
  pages={149--155},
  year={2020}
}

@article{laverty2020covid,
  title={COVID-19 presents opportunities and threats to transport and health},
  author={Laverty, Anthony A and Millett, Christopher and Majeed, Azeem and Vamos, Eszter P},
  journal={Journal of the Royal Society of Medicine},
  volume={113},
  number={7},
  pages={251--254},
  year={2020},
  publisher={SAGE Publications Sage UK: London, England}
}

@article{aloi2020effects,
  title={Effects of the COVID-19 lockdown on urban mobility: Empirical evidence from the city of Santander (Spain)},
  author={Aloi, Alfredo and Alonso, Borja and Benavente, Juan and Cordera, Rub{\'e}n and Ech{\'a}niz, Eneko and Gonz{\'a}lez, Felipe and Ladisa, Claudio and Lezama-Romanelli, Raquel and L{\'o}pez-Parra, {\'A}lvaro and Mazzei, Vittorio and others},
  journal={Sustainability},
  volume={12},
  number={9},
  pages={3870},
  year={2020},
  publisher={MDPI}
}

@article{beck2020insights,
  title={Insights into the impact of COVID-19 on household travel and activities in Australia--The early days under restrictions},
  author={Beck, Matthew J and Hensher, David A},
  journal={Transport policy},
  volume={96},
  pages={76--93},
  year={2020},
  publisher={Elsevier}
}

@article{owen2015modeling,
  title={Modeling the commute mode share of transit using continuous accessibility to jobs},
  author={Owen, Andrew and Levinson, David M},
  journal={Transportation research part A: policy and practice},
  volume={74},
  pages={110--122},
  year={2015},
  publisher={Elsevier}
}

@misc{WalkScore2020,
  author = {{Walk Score}},
  title = {Walk Score},
  year = {2020},
  url = {https://www.walkscore.com/},
  note = {Accessed: 2024-02-07}
}


@article{dai2011racial,
  title={Racial/ethnic and socioeconomic disparities in urban green space accessibility: Where to intervene?},
  author={Dai, Dajun},
  journal={Landscape and urban planning},
  volume={102},
  number={4},
  pages={234--244},
  year={2011},
  publisher={Elsevier}
}

@article{luo2003measures,
  title={Measures of spatial accessibility to health care in a GIS environment: synthesis and a case study in the Chicago region},
  author={Luo, Wei and Wang, Fahui},
  journal={Environment and planning B: planning and design},
  volume={30},
  number={6},
  pages={865--884},
  year={2003},
  publisher={SAGE Publications Sage UK: London, England}
}

@article{xing2018measuring,
  title={Measuring spatial disparity in accessibility with a multi-mode method based on park green spaces classification in Wuhan, China},
  author={Xing, Lijun and Liu, Yanfang and Liu, Xingjian},
  journal={Applied Geography},
  volume={94},
  pages={251--261},
  year={2018},
  publisher={Elsevier}
}
